<!DOCTYPE html>
<meta charset="utf-8" />
<!-- version 1 -->
<title>[Gen 6] Draft replay: crystopper_pkmn vs. Kaiser Cauto</title>
<style>
html,body {font-family:Verdana, sans-serif;font-size:10pt;margin:0;padding:0;}body{padding:12px 0;} .battle-log {font-family:Verdana, sans-serif;font-size:10pt;} .battle-log-inline {border:1px solid #AAAAAA;background:#EEF2F5;color:black;max-width:640px;margin:0 auto 80px;padding-bottom:5px;} .battle-log .inner {padding:4px 8px 0px 8px;} .battle-log .inner-preempt {padding:0 8px 4px 8px;} .battle-log .inner-after {margin-top:0.5em;} .battle-log h2 {margin:0.5em -8px;padding:4px 8px;border:1px solid #AAAAAA;background:#E0E7EA;border-left:0;border-right:0;font-family:Verdana, sans-serif;font-size:13pt;} .battle-log .chat {vertical-align:middle;padding:3px 0 3px 0;font-size:8pt;} .battle-log .chat strong {color:#40576A;} .battle-log .chat em {padding:1px 4px 1px 3px;color:#000000;font-style:normal;} .chat.mine {background:rgba(0,0,0,0.05);margin-left:-8px;margin-right:-8px;padding-left:8px;padding-right:8px;} .spoiler {color:#BBBBBB;background:#BBBBBB;padding:0px 3px;} .spoiler:hover, .spoiler:active, .spoiler-shown {color:#000000;background:#E2E2E2;padding:0px 3px;} .spoiler a {color:#BBBBBB;} .spoiler:hover a, .spoiler:active a, .spoiler-shown a {color:#2288CC;} .chat code, .chat .spoiler:hover code, .chat .spoiler:active code, .chat .spoiler-shown code {border:1px solid #C0C0C0;background:#EEEEEE;color:black;padding:0 2px;} .chat .spoiler code {border:1px solid #CCCCCC;background:#CCCCCC;color:#CCCCCC;} .battle-log .rated {padding:3px 4px;} .battle-log .rated strong {color:white;background:#89A;padding:1px 4px;border-radius:4px;} .spacer {margin-top:0.5em;} .message-announce {background:#6688AA;color:white;padding:1px 4px 2px;} .message-announce a, .broadcast-green a, .broadcast-blue a, .broadcast-red a {color:#DDEEFF;} .broadcast-green {background-color:#559955;color:white;padding:2px 4px;} .broadcast-blue {background-color:#6688AA;color:white;padding:2px 4px;} .infobox {border:1px solid #6688AA;padding:2px 4px;} .infobox-limited {max-height:200px;overflow:auto;overflow-x:hidden;} .broadcast-red {background-color:#AA5544;color:white;padding:2px 4px;} .message-learn-canlearn {font-weight:bold;color:#228822;text-decoration:underline;} .message-learn-cannotlearn {font-weight:bold;color:#CC2222;text-decoration:underline;} .message-effect-weak {font-weight:bold;color:#CC2222;} .message-effect-resist {font-weight:bold;color:#6688AA;} .message-effect-immune {font-weight:bold;color:#666666;} .message-learn-list {margin-top:0;margin-bottom:0;} .message-throttle-notice, .message-error {color:#992222;} .message-overflow, .chat small.message-overflow {font-size:0pt;} .message-overflow::before {font-size:9pt;content:'...';} .subtle {color:#3A4A66;}
</style>
<div class="wrapper replay-wrapper" style="max-width:1180px;margin:0 auto">
<input type="hidden" name="replayid" value="gen6draft-2161640713" />
<div class="battle"></div><div class="battle-log"></div><div class="replay-controls"></div><div class="replay-controls-2"></div>
<h1 style="font-weight:normal;text-align:center"><strong>[Gen 6] Draft</strong><br /><a href="http://pokemonshowdown.com/users/crystopperpkmn" class="subtle" target="_blank">crystopper_pkmn</a> vs. <a href="http://pokemonshowdown.com/users/kaisercauto" class="subtle" target="_blank">Kaiser Cauto</a></h1>
<script type="text/plain" class="battle-log-data">
|j|☆crystopper_pkmn
|j|☆Kaiser Cauto
|t:|1721091563
|gametype|singles
|player|p1|crystopper_pkmn|1|
|player|p2|Kaiser Cauto|koga|
|teamsize|p1|6
|teamsize|p2|6
|gen|6
|tier|[Gen 6] Draft
|rule|Sleep Clause Mod: Limit one foe put to sleep
|rule|OHKO Clause: OHKO moves are banned
|rule|Evasion Clause: Evasion abilities, items, and moves are banned
|rule|Evasion Abilities Clause: Evasion abilities are banned
|rule|Evasion Items Clause: Evasion items are banned
|rule|Evasion Moves Clause: Evasion moves are banned
|rule|Endless Battle Clause: Forcing endless battles is banned
|rule|HP Percentage Mod: HP is shown in percentages
|rule|Moody Clause: Moody is banned
|rule|Swagger Clause: Swagger is banned
|clearpoke
|poke|p1|Landorus-Therian, M|item
|poke|p1|Celebi|item
|poke|p1|Sylveon, M|item
|poke|p1|Raikou|item
|poke|p1|Moltres|item
|poke|p1|Registeel|item
|poke|p2|Serperior, F|item
|poke|p2|Snorlax, F|item
|poke|p2|Suicune|item
|poke|p2|Slurpuff, F|item
|poke|p2|Thundurus-Therian, M|item
|poke|p2|Bronzong|item
|teampreview
|c|☆crystopper_pkmn|gl
|j| son_of_ringo
|c|☆Kaiser Cauto|gl hf
|
|t:|1721091719
|start
|switch|p1a: Goldfinger|Landorus-Therian, M, shiny|100\/100
|switch|p2a: The Predator|Suicune, shiny|100\/100
|-ability|p1a: Goldfinger|Intimidate|boost
|-unboost|p2a: The Predator|atk|1
|-ability|p2a: The Predator|Pressure
|turn|1
|l| son_of_ringo
|j| son_of_ringo
|
|t:|1721091728
|move|p1a: Goldfinger|U-turn|p2a: The Predator
|-damage|p2a: The Predator|77\/100
|j| TheWillager
|
|t:|1721091735
|switch|p1a: Spectre|Celebi|100\/100|[from] U-turn
|move|p2a: The Predator|Calm Mind|p2a: The Predator
|-boost|p2a: The Predator|spa|1
|-boost|p2a: The Predator|spd|1
|
|upkeep
|turn|2
|j| Mattchumaniac44
|
|t:|1721091763
|move|p1a: Spectre|Giga Drain|p2a: The Predator
|-supereffective|p2a: The Predator
|-damage|p2a: The Predator|48\/100
|-enditem|p2a: The Predator|Weakness Policy
|-boost|p2a: The Predator|atk|2|[from] item: Weakness Policy
|-boost|p2a: The Predator|spa|2|[from] item: Weakness Policy
|move|p2a: The Predator|Signal Beam|p1a: Spectre
|-supereffective|p1a: Spectre
|-damage|p1a: Spectre|0 fnt
|faint|p1a: Spectre
|
|upkeep
|j| Joji27
|
|t:|1721091791
|switch|p1a: Dr. No|Registeel|100\/100
|turn|3
|
|t:|1721091804
|move|p2a: The Predator|Hydro Pump|p1a: Dr. No
|-damage|p1a: Dr. No|31\/100
|-enditem|p1a: Dr. No|Red Card|[of] p2a: The Predator
|drag|p2a: King Konga|Snorlax, F, shiny|100\/100
|move|p1a: Dr. No|Stealth Rock|p2a: King Konga
|-sidestart|p2: Kaiser Cauto|move: Stealth Rock
|
|upkeep
|turn|4
|
|t:|1721091822
|switch|p2a: The Shocker|Thundurus-Therian, M, shiny|100\/100
|-damage|p2a: The Shocker|76\/100|[from] Stealth Rock
|move|p1a: Dr. No|Iron Head|p2a: The Shocker
|-resisted|p2a: The Shocker
|-damage|p2a: The Shocker|57\/100
|
|upkeep
|turn|5
|
|t:|1721091832
|switch|p1a: Thunderball|Raikou|100\/100
|-ability|p1a: Thunderball|Pressure
|move|p2a: The Shocker|Knock Off|p1a: Thunderball
|-damage|p1a: Thunderball|66\/100
|-enditem|p1a: Thunderball|Leftovers|[from] move: Knock Off|[of] p2a: The Shocker
|
|upkeep
|turn|6
|j| Bman5422
|j| seto slima
|
|t:|1721091862
|switch|p2a: King Konga|Snorlax, F, shiny|100\/100
|-damage|p2a: King Konga|88\/100|[from] Stealth Rock
|move|p1a: Thunderball|Hidden Power|p2a: King Konga
|-damage|p2a: King Konga|77\/100
|
|-heal|p2a: King Konga|84\/100|[from] item: Leftovers
|upkeep
|turn|7
|
|t:|1721091880
|move|p1a: Thunderball|Volt Switch|p2a: King Konga
|-damage|p2a: King Konga|67\/100
|
|t:|1721091889
|switch|p1a: Goldfinger|Landorus-Therian, M, shiny|100\/100|[from] Volt Switch
|-ability|p1a: Goldfinger|Intimidate|boost
|-unboost|p2a: King Konga|atk|1
|move|p2a: King Konga|Curse|p2a: King Konga
|-unboost|p2a: King Konga|spe|1
|-boost|p2a: King Konga|atk|1
|-boost|p2a: King Konga|def|1
|
|-heal|p2a: King Konga|73\/100|[from] item: Leftovers
|upkeep
|turn|8
|
|t:|1721091919
|move|p1a: Goldfinger|Superpower|p2a: King Konga
|-supereffective|p2a: King Konga
|-damage|p2a: King Konga|19\/100
|-unboost|p1a: Goldfinger|atk|1
|-unboost|p1a: Goldfinger|def|1
|move|p2a: King Konga|Body Slam|p1a: Goldfinger
|-damage|p1a: Goldfinger|49\/100
|
|-heal|p2a: King Konga|25\/100|[from] item: Leftovers
|upkeep
|turn|9
|j| tomatotommaso
|
|t:|1721091950
|switch|p1a: Skyfall|Moltres|100\/100
|-ability|p1a: Skyfall|Pressure
|move|p2a: King Konga|Rest|p2a: King Konga
|-status|p2a: King Konga|slp|[from] move: Rest
|-heal|p2a: King Konga|100\/100 slp|[silent]
|
|upkeep
|turn|10
|
|t:|1721091959
|move|p1a: Skyfall|Hurricane|p2a: King Konga
|-damage|p2a: King Konga|57\/100 slp
|cant|p2a: King Konga|slp
|move|p2a: King Konga|Sleep Talk|p2a: King Konga
|move|p2a: King Konga|Curse|p2a: King Konga|[from]move: Sleep Talk
|-unboost|p2a: King Konga|spe|1
|-boost|p2a: King Konga|atk|1
|-boost|p2a: King Konga|def|1
|
|-heal|p2a: King Konga|63\/100 slp|[from] item: Leftovers
|upkeep
|turn|11
|j| Notabot1234
|j| Jmils9
|
|t:|1721092021
|switch|p1a: Dr. No|Registeel|31\/100
|switch|p2a: Ultron Zong|Bronzong, shiny|100\/100
|-damage|p2a: Ultron Zong|94\/100|[from] Stealth Rock
|
|upkeep
|turn|12
|
|t:|1721092038
|switch|p1a: Skyfall|Moltres|100\/100
|-ability|p1a: Skyfall|Pressure
|move|p2a: Ultron Zong|Trick|p1a: Skyfall
|-activate|p2a: Ultron Zong|move: Trick|[of] p1a: Skyfall
|-item|p1a: Skyfall|Choice Band|[from] move: Trick
|-item|p2a: Ultron Zong|Choice Specs|[from] move: Trick
|
|upkeep
|turn|13
|
|t:|1721092053
|switch|p2a: The Predator|Suicune, shiny|48\/100
|-damage|p2a: The Predator|36\/100|[from] Stealth Rock
|-ability|p2a: The Predator|Pressure
|move|p1a: Skyfall|Fire Blast|p2a: The Predator
|-resisted|p2a: The Predator
|-damage|p2a: The Predator|12\/100
|
|upkeep
|turn|14
|
|t:|1721092069
|move|p2a: The Predator|Hydro Pump|p1a: Skyfall|[miss]
|-miss|p2a: The Predator|p1a: Skyfall
|move|p1a: Skyfall|Fire Blast|p2a: The Predator
|-resisted|p2a: The Predator
|-damage|p2a: The Predator|0 fnt
|faint|p2a: The Predator
|
|upkeep
|
|t:|1721092076
|switch|p2a: King Konga|Snorlax, F, shiny|63\/100 slp
|-damage|p2a: King Konga|51\/100 slp|[from] Stealth Rock
|turn|15
|
|t:|1721092085
|switch|p1a: Goldfinger|Landorus-Therian, M, shiny|49\/100
|-ability|p1a: Goldfinger|Intimidate|boost
|-unboost|p2a: King Konga|atk|1
|cant|p2a: King Konga|slp
|
|-heal|p2a: King Konga|57\/100 slp|[from] item: Leftovers
|upkeep
|turn|16
|
|t:|1721092095
|move|p1a: Goldfinger|Superpower|p2a: King Konga
|-supereffective|p2a: King Konga
|-crit|p2a: King Konga
|-damage|p2a: King Konga|0 fnt
|-unboost|p1a: Goldfinger|atk|1
|-unboost|p1a: Goldfinger|def|1
|faint|p2a: King Konga
|
|upkeep
|c|☆crystopper_pkmn|incoming cupcake....calcing damages
|c| son_of_ringo|lmao
|
|t:|1721092196
|switch|p2a: The Slurminator|Slurpuff, F, shiny|100\/100
|-damage|p2a: The Slurminator|88\/100|[from] Stealth Rock
|turn|17
|
|t:|1721092220
|switch|p1a: Skyfall|Moltres|100\/100
|-ability|p1a: Skyfall|Pressure
|move|p2a: The Slurminator|Belly Drum|p2a: The Slurminator
|-damage|p2a: The Slurminator|38\/100
|-setboost|p2a: The Slurminator|atk|6|[from] move: Belly Drum
|-enditem|p2a: The Slurminator|Sitrus Berry|[eat]
|-heal|p2a: The Slurminator|63\/100|[from] item: Sitrus Berry
|
|upkeep
|turn|18
|
|t:|1721092231
|move|p2a: The Slurminator|Return|p1a: Skyfall
|-damage|p1a: Skyfall|0 fnt
|faint|p1a: Skyfall
|
|upkeep
|c| Notabot1234|Not just me!
|
|t:|1721092247
|switch|p1a: Goldfinger|Landorus-Therian, M, shiny|49\/100
|-ability|p1a: Goldfinger|Intimidate|boost
|-unboost|p2a: The Slurminator|atk|1
|turn|19
|
|t:|1721092271
|move|p2a: The Slurminator|Return|p1a: Goldfinger
|-damage|p1a: Goldfinger|0 fnt
|faint|p1a: Goldfinger
|
|upkeep
|
|t:|1721092278
|switch|p1a: Moonraker|Sylveon, M|100\/100
|turn|20
|
|t:|1721092298
|move|p2a: The Slurminator|Play Rough|p1a: Moonraker
|-damage|p1a: Moonraker|0 fnt
|faint|p1a: Moonraker
|
|upkeep
|c| Jmils9|im tryna get that slurminator
|c| Jmils9|hmu slurpuff
|c| Jmils9|move over hawk tuah girl
|
|t:|1721092330
|switch|p1a: Thunderball|Raikou|66\/100
|-ability|p1a: Thunderball|Pressure
|turn|21
|c| son_of_ringo|someone make a hawk tua meme with slurpuff
|c|☆crystopper_pkmn|is it adamant?
|c|☆crystopper_pkmn|my moltres was specced to live
|c|☆crystopper_pkmn|ffs
|c|☆Kaiser Cauto|yeah adament
|c|☆crystopper_pkmn|or maybe i just have brain parasites and can't use damage calc
|c|☆crystopper_pkmn|well gg good cupcake
|
|t:|1721092385
|move|p2a: The Slurminator|Return|p1a: Thunderball
|-damage|p1a: Thunderball|0 fnt
|faint|p1a: Thunderball
|
|upkeep
|
|t:|1721092389
|switch|p1a: Dr. No|Registeel|31\/100
|turn|22
|
|t:|1721092393
|move|p2a: The Slurminator|Drain Punch|p1a: Dr. No
|-supereffective|p1a: Dr. No
|-damage|p1a: Dr. No|0 fnt
|-heal|p2a: The Slurminator|81\/100|[from] drain|[of] p1a: Dr. No
|faint|p1a: Dr. No
|
|win|Kaiser Cauto
|c| Notabot1234|Welcome brother
|l| Jmils9
|c|☆Kaiser Cauto|gg
|c| Mattchumaniac44|gg
|c| Notabot1234|to the slurm
|l| Joji27
|c| seto slima|gg
|l| Bman5422
|l| Notabot1234
|c|☆crystopper_pkmn|gg
|l| TheWillager
|c| son_of_ringo|gg

</script>
</div>
<div class="battle-log battle-log-inline"><div class="inner"><div class="battle-options"></div><div class="inner message-log"><div class="chat"><small>☆crystopper_pkmn and ☆Kaiser Cauto joined</small></div><div class=""><small>Format:</small> <br><strong>[Gen 6] Draft</strong></div><div class=""><small><em>Sleep Clause Mod:</em> Limit one foe put to sleep</small></div><div class=""><small><em>OHKO Clause:</em> OHKO moves are banned</small></div><div class=""><small><em>Evasion Clause:</em> Evasion abilities, items, and moves are banned</small></div><div class=""><small><em>Evasion Abilities Clause:</em> Evasion abilities are banned</small></div><div class=""><small><em>Evasion Items Clause:</em> Evasion items are banned</small></div><div class=""><small><em>Evasion Moves Clause:</em> Evasion moves are banned</small></div><div class=""><small><em>Endless Battle Clause:</em> Forcing endless battles is banned</small></div><div class=""><small><em>HP Percentage Mod:</em> HP is shown in percentages</small></div><div class=""><small><em>Moody Clause:</em> Moody is banned</small></div><div class=""><small><em>Swagger Clause:</em> Swagger is banned</small></div><div class="chat battle-history"><strong>crystopper_pkmn's team:</strong> <em style="color:#445566;display:block;">Landorus-Therian / Celebi / Sylveon / Raikou / Moltres / Registeel</em></div><div class="chat battle-history"><strong>Kaiser Cauto's team:</strong> <em style="color:#445566;display:block;">Serperior / Snorlax / Suicune / Slurpuff / Thundurus-Therian / Bronzong</em></div><div class="chat chatmessage-crystopperpkmn"><strong style="color:#b08245"><small>☆</small><span class="username" data-name="crystopper_pkmn">crystopper_pkmn</span>:</strong> <em>gl</em></div><div class="chat"><small> son_of_ringo joined</small></div><div class="chat chatmessage-kaisercauto"><strong style="color:#d50e6e"><small>☆</small><span class="username" data-name="Kaiser Cauto">Kaiser Cauto</span>:</strong> <em>gl hf</em></div><div class="spacer battle-history"><br></div><div class="battle-history">Battle started between crystopper_pkmn and Kaiser Cauto!<br></div><div class="spacer battle-history"><br></div><div class="battle-history">Go! Goldfinger (<strong>Landorus-Therian</strong>)!<br></div><div class="spacer battle-history"><br></div><div class="battle-history">Kaiser Cauto sent out The Predator (<strong>Suicune</strong>)!<br></div><div class="battle-history">[Goldfinger's Intimidate]<br></div><div class="battle-history"><small>The opposing The Predator's Attack fell!</small><br></div><div class="battle-history">[The opposing The Predator's Pressure]<br><small>The opposing The Predator is exerting its pressure!</small><br></div><div class="spacer battle-history"><br></div><h2 class="battle-history">Turn 1</h2><div class="chat"><small></small></div><div class="spacer battle-history"><br></div><div class="battle-history">Goldfinger used <strong>U-turn</strong>!<br></div><div class="battle-history"><small>(The opposing The Predator lost 23% of its health!)</small><br></div><div class="chat"><small> TheWillager joined</small></div><div class="spacer battle-history"><br></div><div class="battle-history">Goldfinger went back to crystopper_pkmn!<br></div><div class="battle-history">Go! Spectre (<strong>Celebi</strong>)!<br></div><div class="spacer battle-history"><br></div><div class="battle-history">The opposing The Predator used <strong>Calm Mind</strong>!<br></div><div class="battle-history"><small>The opposing The Predator's Sp. Atk rose!</small><br></div><div class="battle-history"><small>The opposing The Predator's Sp. Def rose!</small><br></div><div class="spacer battle-history"><br></div><h2 class="battle-history">Turn 2</h2><div class="chat"><small> Mattchumaniac44 joined</small></div><div class="spacer battle-history"><br></div><div class="battle-history">Spectre used <strong>Giga Drain</strong>!<br></div><div class="battle-history"><small>It's super effective!</small><br></div><div class="battle-history"><small>(The opposing The Predator lost 29% of its health!)</small><br></div><div class="battle-history"><small>(The opposing The Predator used its Weakness Policy!)</small><br></div><div class="battle-history"><small>The Weakness Policy sharply raised the opposing The Predator's Attack!</small><br></div><div class="battle-history"><small>The Weakness Policy sharply raised the opposing The Predator's Sp. Atk!</small><br></div><div class="spacer battle-history"><br></div><div class="battle-history">The opposing The Predator used <strong>Signal Beam</strong>!<br></div><div class="battle-history"><small>It's super effective!</small><br></div><div class="battle-history"><small>(Spectre lost 100% of its health!)</small><br></div><div class="spacer battle-history"><br></div><div class="battle-history">Spectre fainted!<br></div><div class="chat"><small> Joji27 joined</small></div><div class="spacer battle-history"><br></div><div class="battle-history">Go! Dr. No (<strong>Registeel</strong>)!<br></div><div class="spacer battle-history"><br></div><h2 class="battle-history">Turn 3</h2><div class="spacer battle-history"><br></div><div class="battle-history">The opposing The Predator used <strong>Hydro Pump</strong>!<br></div><div class="battle-history"><small>(Dr. No lost 69% of its health!)</small><br></div><div class="battle-history"><small>Dr. No held up its Red Card against the opposing The Predator!</small><br></div><div class="spacer battle-history"><br></div><div class="battle-history">King Konga (<strong>Snorlax</strong>) was dragged out!<br></div><div class="spacer battle-history"><br></div><div class="battle-history">Dr. No used <strong>Stealth Rock</strong>!<br></div><div class="battle-history"><small>Pointed stones float in the air around the opposing team!</small><br></div><div class="spacer battle-history"><br></div><h2 class="battle-history">Turn 4</h2><div class="spacer battle-history"><br></div><div class="battle-history">Kaiser Cauto withdrew King Konga!<br></div><div class="battle-history">Kaiser Cauto sent out The Shocker (<strong>Thundurus-Therian</strong>)!<br></div><div class="battle-history"><small>Pointed stones dug into the opposing The Shocker!</small><br></div><div class="spacer battle-history"><br></div><div class="battle-history">Dr. No used <strong>Iron Head</strong>!<br></div><div class="battle-history"><small>It's not very effective...</small><br></div><div class="battle-history"><small>(The opposing The Shocker lost 19% of its health!)</small><br></div><div class="spacer battle-history"><br></div><h2 class="battle-history">Turn 5</h2><div class="spacer battle-history"><br></div><div class="battle-history">Dr. No, come back!<br></div><div class="battle-history">Go! Thunderball (<strong>Raikou</strong>)!<br></div><div class="battle-history">[Thunderball's Pressure]<br><small>Thunderball is exerting its pressure!</small><br></div><div class="spacer battle-history"><br></div><div class="battle-history">The opposing The Shocker used <strong>Knock Off</strong>!<br></div><div class="battle-history"><small>(Thunderball lost 34% of its health!)</small><br></div><div class="battle-history"><small>The opposing The Shocker knocked off Thunderball's Leftovers!</small><br></div><div class="spacer battle-history"><br></div><h2 class="battle-history">Turn 6</h2><div class="chat"><small> Bman5422 and  seto slima joined</small></div><div class="spacer battle-history"><br></div><div class="battle-history">Kaiser Cauto withdrew The Shocker!<br></div><div class="battle-history">Kaiser Cauto sent out King Konga (<strong>Snorlax</strong>)!<br></div><div class="battle-history"><small>Pointed stones dug into the opposing King Konga!</small><br></div><div class="spacer battle-history"><br></div><div class="battle-history">Thunderball used <strong>Hidden Power</strong>!<br></div><div class="battle-history"><small>(The opposing King Konga lost 11% of its health!)</small><br></div><div class="spacer battle-history"><br></div><div class="battle-history"><small>The opposing King Konga restored a little HP using its Leftovers!</small><br></div><div class="spacer battle-history"><br></div><h2 class="battle-history">Turn 7</h2><div class="spacer battle-history"><br></div><div class="battle-history">Thunderball used <strong>Volt Switch</strong>!<br></div><div class="battle-history"><small>(The opposing King Konga lost 17% of its health!)</small><br></div><div class="spacer battle-history"><br></div><div class="battle-history">Thunderball went back to crystopper_pkmn!<br></div><div class="battle-history">Go! Goldfinger (<strong>Landorus-Therian</strong>)!<br></div><div class="battle-history">[Goldfinger's Intimidate]<br></div><div class="battle-history"><small>The opposing King Konga's Attack fell!</small><br></div><div class="spacer battle-history"><br></div><div class="battle-history">The opposing King Konga used <strong>Curse</strong>!<br></div><div class="battle-history"><small>The opposing King Konga's Speed fell!</small><br></div><div class="battle-history"><small>The opposing King Konga's Attack rose!</small><br></div><div class="battle-history"><small>The opposing King Konga's Defense rose!</small><br></div><div class="spacer battle-history"><br></div><div class="battle-history"><small>The opposing King Konga restored a little HP using its Leftovers!</small><br></div><div class="spacer battle-history"><br></div><h2 class="battle-history">Turn 8</h2><div class="spacer battle-history"><br></div><div class="battle-history">Goldfinger used <strong>Superpower</strong>!<br></div><div class="battle-history"><small>It's super effective!</small><br></div><div class="battle-history"><small>(The opposing King Konga lost 54% of its health!)</small><br></div><div class="battle-history"><small>Goldfinger's Attack fell!</small><br></div><div class="battle-history"><small>Goldfinger's Defense fell!</small><br></div><div class="spacer battle-history"><br></div><div class="battle-history">The opposing King Konga used <strong>Body Slam</strong>!<br></div><div class="battle-history"><small>(Goldfinger lost 51% of its health!)</small><br></div><div class="spacer battle-history"><br></div><div class="battle-history"><small>The opposing King Konga restored a little HP using its Leftovers!</small><br></div><div class="spacer battle-history"><br></div><h2 class="battle-history">Turn 9</h2><div class="chat"><small> tomatotommaso joined</small></div><div class="spacer battle-history"><br></div><div class="battle-history">Goldfinger, come back!<br></div><div class="battle-history">Go! Skyfall (<strong>Moltres</strong>)!<br></div><div class="battle-history">[Skyfall's Pressure]<br><small>Skyfall is exerting its pressure!</small><br></div><div class="spacer battle-history"><br></div><div class="battle-history">The opposing King Konga used <strong>Rest</strong>!<br></div><div class="battle-history"><small>The opposing King Konga slept and became healthy!</small><br></div><div class="spacer battle-history"><br></div><h2 class="battle-history">Turn 10</h2><div class="spacer battle-history"><br></div><div class="battle-history">Skyfall used <strong>Hurricane</strong>!<br></div><div class="battle-history"><small>(The opposing King Konga lost 43% of its health!)</small><br></div><div class="spacer battle-history"><br></div><div class="battle-history">The opposing King Konga is fast asleep.<br></div><div class="spacer battle-history"><br></div><div class="battle-history">The opposing King Konga used <strong>Sleep Talk</strong>!<br></div><div class="spacer battle-history"><br></div><div class="battle-history">The opposing King Konga used <strong>Curse</strong>!<br></div><div class="battle-history"><small>The opposing King Konga's Speed fell!</small><br></div><div class="battle-history"><small>The opposing King Konga's Attack rose!</small><br></div><div class="battle-history"><small>The opposing King Konga's Defense rose!</small><br></div><div class="spacer battle-history"><br></div><div class="battle-history"><small>The opposing King Konga restored a little HP using its Leftovers!</small><br></div><div class="spacer battle-history"><br></div><h2 class="battle-history">Turn 11</h2><div class="chat"><small> Notabot1234 and  Jmils9 joined</small></div><div class="spacer battle-history"><br></div><div class="battle-history">Skyfall, come back!<br></div><div class="battle-history">Go! Dr. No (<strong>Registeel</strong>)!<br></div><div class="spacer battle-history"><br></div><div class="battle-history">Kaiser Cauto withdrew King Konga!<br></div><div class="battle-history">Kaiser Cauto sent out Ultron Zong (<strong>Bronzong</strong>)!<br></div><div class="battle-history"><small>Pointed stones dug into the opposing Ultron Zong!</small><br></div><div class="spacer battle-history"><br></div><h2 class="battle-history">Turn 12</h2><div class="spacer battle-history"><br></div><div class="battle-history">Dr. No, come back!<br></div><div class="battle-history">Go! Skyfall (<strong>Moltres</strong>)!<br></div><div class="battle-history">[Skyfall's Pressure]<br><small>Skyfall is exerting its pressure!</small><br></div><div class="spacer battle-history"><br></div><div class="battle-history">The opposing Ultron Zong used <strong>Trick</strong>!<br></div><div class="battle-history"><small>The opposing Ultron Zong switched items with its target!</small><br></div><div class="battle-history"><small>Skyfall obtained one Choice Band.</small><br></div><div class="battle-history"><small>The opposing Ultron Zong obtained one Choice Specs.</small><br></div><div class="spacer battle-history"><br></div><h2 class="battle-history">Turn 13</h2><div class="spacer battle-history"><br></div><div class="battle-history">Kaiser Cauto withdrew Ultron Zong!<br></div><div class="battle-history">Kaiser Cauto sent out The Predator (<strong>Suicune</strong>)!<br></div><div class="battle-history"><small>Pointed stones dug into the opposing The Predator!</small><br></div><div class="battle-history">[The opposing The Predator's Pressure]<br><small>The opposing The Predator is exerting its pressure!</small><br></div><div class="spacer battle-history"><br></div><div class="battle-history">Skyfall used <strong>Fire Blast</strong>!<br></div><div class="battle-history"><small>It's not very effective...</small><br></div><div class="battle-history"><small>(The opposing The Predator lost 24% of its health!)</small><br></div><div class="spacer battle-history"><br></div><h2 class="battle-history">Turn 14</h2><div class="spacer battle-history"><br></div><div class="battle-history">The opposing The Predator used <strong>Hydro Pump</strong>!<br></div><div class="battle-history"><small>Skyfall avoided the attack!</small><br></div><div class="spacer battle-history"><br></div><div class="battle-history">Skyfall used <strong>Fire Blast</strong>!<br></div><div class="battle-history"><small>It's not very effective...</small><br></div><div class="battle-history"><small>(The opposing The Predator lost 12% of its health!)</small><br></div><div class="spacer battle-history"><br></div><div class="battle-history">The opposing The Predator fainted!<br></div><div class="spacer battle-history"><br></div><div class="battle-history">Kaiser Cauto sent out King Konga (<strong>Snorlax</strong>)!<br></div><div class="battle-history"><small>Pointed stones dug into the opposing King Konga!</small><br></div><div class="spacer battle-history"><br></div><h2 class="battle-history">Turn 15</h2><div class="spacer battle-history"><br></div><div class="battle-history">Skyfall, come back!<br></div><div class="battle-history">Go! Goldfinger (<strong>Landorus-Therian</strong>)!<br></div><div class="battle-history">[Goldfinger's Intimidate]<br></div><div class="battle-history"><small>The opposing King Konga's Attack fell!</small><br></div><div class="spacer battle-history"><br></div><div class="battle-history">The opposing King Konga is fast asleep.<br></div><div class="spacer battle-history"><br></div><div class="battle-history"><small>The opposing King Konga restored a little HP using its Leftovers!</small><br></div><div class="spacer battle-history"><br></div><h2 class="battle-history">Turn 16</h2><div class="spacer battle-history"><br></div><div class="battle-history">Goldfinger used <strong>Superpower</strong>!<br></div><div class="battle-history"><small>It's super effective!</small><br></div><div class="battle-history"><small>A critical hit!</small><br></div><div class="battle-history"><small>(The opposing King Konga lost 57% of its health!)</small><br></div><div class="battle-history"><small>Goldfinger's Attack fell!</small><br></div><div class="battle-history"><small>Goldfinger's Defense fell!</small><br></div><div class="spacer battle-history"><br></div><div class="battle-history">The opposing King Konga fainted!<br></div><div class="chat chatmessage-crystopperpkmn"><strong style="color:#b08245"><small>☆</small><span class="username" data-name="crystopper_pkmn">crystopper_pkmn</span>:</strong> <em>incoming cupcake....calcing damages</em></div><div class="chat chatmessage-sonofringo"><strong style="color:#8a8e0e"><small> </small><span class="username" data-name="son_of_ringo">son_of_ringo</span>:</strong> <em>lmao</em></div><div class="spacer battle-history"><br></div><div class="battle-history">Kaiser Cauto sent out The Slurminator (<strong>Slurpuff</strong>)!<br></div><div class="battle-history"><small>Pointed stones dug into the opposing The Slurminator!</small><br></div><div class="spacer battle-history"><br></div><h2 class="battle-history">Turn 17</h2><div class="spacer battle-history"><br></div><div class="battle-history">Goldfinger, come back!<br></div><div class="battle-history">Go! Skyfall (<strong>Moltres</strong>)!<br></div><div class="battle-history">[Skyfall's Pressure]<br><small>Skyfall is exerting its pressure!</small><br></div><div class="spacer battle-history"><br></div><div class="battle-history">The opposing The Slurminator used <strong>Belly Drum</strong>!<br></div><div class="battle-history"><small>(The opposing The Slurminator lost 50% of its health!)</small><br></div><div class="battle-history"><small>The opposing The Slurminator cut its own HP and maximized its Attack!</small><br></div><div class="battle-history"><small>(The opposing The Slurminator ate its Sitrus Berry!)</small><br></div><div class="battle-history"><small>The opposing The Slurminator restored HP using its Sitrus Berry!</small><br></div><div class="spacer battle-history"><br></div><h2 class="battle-history">Turn 18</h2><div class="spacer battle-history"><br></div><div class="battle-history">The opposing The Slurminator used <strong>Return</strong>!<br></div><div class="battle-history"><small>(Skyfall lost 100% of its health!)</small><br></div><div class="spacer battle-history"><br></div><div class="battle-history">Skyfall fainted!<br></div><div class="chat chatmessage-notabot1234"><strong style="color:#ba8f0f"><small> </small><span class="username" data-name="Notabot1234">Notabot1234</span>:</strong> <em>Not just me!</em></div><div class="spacer battle-history"><br></div><div class="battle-history">Go! Goldfinger (<strong>Landorus-Therian</strong>)!<br></div><div class="battle-history">[Goldfinger's Intimidate]<br></div><div class="battle-history"><small>The opposing The Slurminator's Attack fell!</small><br></div><div class="spacer battle-history"><br></div><h2 class="battle-history">Turn 19</h2><div class="spacer battle-history"><br></div><div class="battle-history">The opposing The Slurminator used <strong>Return</strong>!<br></div><div class="battle-history"><small>(Goldfinger lost 49% of its health!)</small><br></div><div class="spacer battle-history"><br></div><div class="battle-history">Goldfinger fainted!<br></div><div class="spacer battle-history"><br></div><div class="battle-history">Go! Moonraker (<strong>Sylveon</strong>)!<br></div><div class="spacer battle-history"><br></div><h2 class="battle-history">Turn 20</h2><div class="spacer battle-history"><br></div><div class="battle-history">The opposing The Slurminator used <strong>Play Rough</strong>!<br></div><div class="battle-history"><small>(Moonraker lost 100% of its health!)</small><br></div><div class="spacer battle-history"><br></div><div class="battle-history">Moonraker fainted!<br></div><div class="chat chatmessage-jmils9"><strong style="color:#c117bb"><small> </small><span class="username" data-name="Jmils9">Jmils9</span>:</strong> <em>im tryna get that slurminator</em></div><div class="chat chatmessage-jmils9"><strong style="color:#c117bb"><small> </small><span class="username" data-name="Jmils9">Jmils9</span>:</strong> <em>hmu slurpuff</em></div><div class="chat chatmessage-jmils9"><strong style="color:#c117bb"><small> </small><span class="username" data-name="Jmils9">Jmils9</span>:</strong> <em>move over hawk tuah girl</em></div><div class="spacer battle-history"><br></div><div class="battle-history">Go! Thunderball (<strong>Raikou</strong>)!<br></div><div class="battle-history">[Thunderball's Pressure]<br><small>Thunderball is exerting its pressure!</small><br></div><div class="spacer battle-history"><br></div><h2 class="battle-history">Turn 21</h2><div class="chat chatmessage-sonofringo"><strong style="color:#8a8e0e"><small> </small><span class="username" data-name="son_of_ringo">son_of_ringo</span>:</strong> <em>someone make a hawk tua meme with slurpuff</em></div><div class="chat chatmessage-crystopperpkmn"><strong style="color:#b08245"><small>☆</small><span class="username" data-name="crystopper_pkmn">crystopper_pkmn</span>:</strong> <em>is it adamant?</em></div><div class="chat chatmessage-crystopperpkmn"><strong style="color:#b08245"><small>☆</small><span class="username" data-name="crystopper_pkmn">crystopper_pkmn</span>:</strong> <em>my moltres was specced to live</em></div><div class="chat chatmessage-crystopperpkmn"><strong style="color:#b08245"><small>☆</small><span class="username" data-name="crystopper_pkmn">crystopper_pkmn</span>:</strong> <em>ffs</em></div><div class="chat chatmessage-kaisercauto"><strong style="color:#d50e6e"><small>☆</small><span class="username" data-name="Kaiser Cauto">Kaiser Cauto</span>:</strong> <em>yeah adament</em></div><div class="chat chatmessage-crystopperpkmn"><strong style="color:#b08245"><small>☆</small><span class="username" data-name="crystopper_pkmn">crystopper_pkmn</span>:</strong> <em>or maybe i just have brain parasites and can't use damage calc</em></div><div class="chat chatmessage-crystopperpkmn"><strong style="color:#b08245"><small>☆</small><span class="username" data-name="crystopper_pkmn">crystopper_pkmn</span>:</strong> <em>well gg good cupcake</em></div><div class="spacer battle-history"><br></div><div class="battle-history">The opposing The Slurminator used <strong>Return</strong>!<br></div><div class="battle-history"><small>(Thunderball lost 66% of its health!)</small><br></div><div class="spacer battle-history"><br></div><div class="battle-history">Thunderball fainted!<br></div><div class="spacer battle-history"><br></div><div class="battle-history">Go! Dr. No (<strong>Registeel</strong>)!<br></div><div class="spacer battle-history"><br></div><h2 class="battle-history">Turn 22</h2><div class="spacer battle-history"><br></div><div class="battle-history">The opposing The Slurminator used <strong>Drain Punch</strong>!<br></div><div class="battle-history"><small>It's super effective!</small><br></div><div class="battle-history"><small>(Dr. No lost 31% of its health!)</small><br></div><div class="battle-history"><small>Dr. No had its energy drained!</small><br></div><div class="spacer battle-history"><br></div><div class="battle-history">Dr. No fainted!<br></div><div class="spacer battle-history"><br></div><div class="battle-history"><strong>Kaiser Cauto</strong> won the battle!<br></div><div class="chat chatmessage-notabot1234"><strong style="color:#ba8f0f"><small> </small><span class="username" data-name="Notabot1234">Notabot1234</span>:</strong> <em>Welcome brother</em></div><div class="chat"><small> Jmils9 left</small></div><div class="chat chatmessage-kaisercauto"><strong style="color:#d50e6e"><small>☆</small><span class="username" data-name="Kaiser Cauto">Kaiser Cauto</span>:</strong> <em>gg</em></div><div class="chat chatmessage-mattchumaniac44"><strong style="color:#b3901d"><small> </small><span class="username" data-name="Mattchumaniac44">Mattchumaniac44</span>:</strong> <em>gg</em></div><div class="chat chatmessage-notabot1234"><strong style="color:#ba8f0f"><small> </small><span class="username" data-name="Notabot1234">Notabot1234</span>:</strong> <em>to the slurm</em></div><div class="chat"><small> Joji27 left</small></div><div class="chat chatmessage-setoslima"><strong style="color:#c318b8"><small> </small><span class="username" data-name="seto slima">seto slima</span>:</strong> <em>gg</em></div><div class="chat"><small> Bman5422 and  Notabot1234 left</small></div><div class="chat chatmessage-crystopperpkmn"><strong style="color:#b08245"><small>☆</small><span class="username" data-name="crystopper_pkmn">crystopper_pkmn</span>:</strong> <em>gg</em></div><div class="chat"><small> TheWillager left</small></div><div class="chat chatmessage-sonofringo"><strong style="color:#8a8e0e"><small> </small><span class="username" data-name="son_of_ringo">son_of_ringo</span>:</strong> <em>gg</em></div></div><div class="inner-preempt message-log"></div></div></div>
</div>
<script>
let daily = Math.floor(Date.now()/1000/60/60/24);document.write('<script src="https://play.pokemonshowdown.com/js/replay-embed.js?version'+daily+'"></'+'script>');
</script>
