<!DOCTYPE html>
<meta charset="utf-8" />
<!-- version 1 -->
<title>[Gen 6] Draft replay: Notabot1234 vs. moof710</title>
<style>
html,body {font-family:Verdana, sans-serif;font-size:10pt;margin:0;padding:0;}body{padding:12px 0;} .battle-log {font-family:Verdana, sans-serif;font-size:10pt;} .battle-log-inline {border:1px solid #AAAAAA;background:#EEF2F5;color:black;max-width:640px;margin:0 auto 80px;padding-bottom:5px;} .battle-log .inner {padding:4px 8px 0px 8px;} .battle-log .inner-preempt {padding:0 8px 4px 8px;} .battle-log .inner-after {margin-top:0.5em;} .battle-log h2 {margin:0.5em -8px;padding:4px 8px;border:1px solid #AAAAAA;background:#E0E7EA;border-left:0;border-right:0;font-family:Verdana, sans-serif;font-size:13pt;} .battle-log .chat {vertical-align:middle;padding:3px 0 3px 0;font-size:8pt;} .battle-log .chat strong {color:#40576A;} .battle-log .chat em {padding:1px 4px 1px 3px;color:#000000;font-style:normal;} .chat.mine {background:rgba(0,0,0,0.05);margin-left:-8px;margin-right:-8px;padding-left:8px;padding-right:8px;} .spoiler {color:#BBBBBB;background:#BBBBBB;padding:0px 3px;} .spoiler:hover, .spoiler:active, .spoiler-shown {color:#000000;background:#E2E2E2;padding:0px 3px;} .spoiler a {color:#BBBBBB;} .spoiler:hover a, .spoiler:active a, .spoiler-shown a {color:#2288CC;} .chat code, .chat .spoiler:hover code, .chat .spoiler:active code, .chat .spoiler-shown code {border:1px solid #C0C0C0;background:#EEEEEE;color:black;padding:0 2px;} .chat .spoiler code {border:1px solid #CCCCCC;background:#CCCCCC;color:#CCCCCC;} .battle-log .rated {padding:3px 4px;} .battle-log .rated strong {color:white;background:#89A;padding:1px 4px;border-radius:4px;} .spacer {margin-top:0.5em;} .message-announce {background:#6688AA;color:white;padding:1px 4px 2px;} .message-announce a, .broadcast-green a, .broadcast-blue a, .broadcast-red a {color:#DDEEFF;} .broadcast-green {background-color:#559955;color:white;padding:2px 4px;} .broadcast-blue {background-color:#6688AA;color:white;padding:2px 4px;} .infobox {border:1px solid #6688AA;padding:2px 4px;} .infobox-limited {max-height:200px;overflow:auto;overflow-x:hidden;} .broadcast-red {background-color:#AA5544;color:white;padding:2px 4px;} .message-learn-canlearn {font-weight:bold;color:#228822;text-decoration:underline;} .message-learn-cannotlearn {font-weight:bold;color:#CC2222;text-decoration:underline;} .message-effect-weak {font-weight:bold;color:#CC2222;} .message-effect-resist {font-weight:bold;color:#6688AA;} .message-effect-immune {font-weight:bold;color:#666666;} .message-learn-list {margin-top:0;margin-bottom:0;} .message-throttle-notice, .message-error {color:#992222;} .message-overflow, .chat small.message-overflow {font-size:0pt;} .message-overflow::before {font-size:9pt;content:'...';} .subtle {color:#3A4A66;}
</style>
<div class="wrapper replay-wrapper" style="max-width:1180px;margin:0 auto">
<input type="hidden" name="replayid" value="gen6draft-2132551551" />
<div class="battle"></div><div class="battle-log"></div><div class="replay-controls"></div><div class="replay-controls-2"></div>
<h1 style="font-weight:normal;text-align:center"><strong>[Gen 6] Draft</strong><br /><a href="http://pokemonshowdown.com/users/notabot1234" class="subtle" target="_blank">Notabot1234</a> vs. <a href="http://pokemonshowdown.com/users/moof710" class="subtle" target="_blank">moof710</a></h1>
<script type="text/plain" class="battle-log-data">
|j|☆Notabot1234
|j|☆moof710
|t:|1716946445
|gametype|singles
|player|p1|Notabot1234|cynthia-gen4|
|player|p2|moof710|clown|
|teamsize|p1|6
|teamsize|p2|6
|gen|6
|tier|[Gen 6] Draft
|rule|Sleep Clause Mod: Limit one foe put to sleep
|rule|OHKO Clause: OHKO moves are banned
|rule|Evasion Clause: Evasion abilities, items, and moves are banned
|rule|Evasion Abilities Clause: Evasion abilities are banned
|rule|Evasion Items Clause: Evasion items are banned
|rule|Evasion Moves Clause: Evasion moves are banned
|rule|Endless Battle Clause: Forcing endless battles is banned
|rule|HP Percentage Mod: HP is shown in percentages
|rule|Moody Clause: Moody is banned
|rule|Swagger Clause: Swagger is banned
|clearpoke
|poke|p1|Tornadus-Therian, M|item
|poke|p1|Heatran, F|item
|poke|p1|Aromatisse, M|item
|poke|p1|Mamoswine, F|item
|poke|p1|Espeon, F|item
|poke|p1|Tentacruel, F|item
|poke|p2|Greninja-*, M|item
|poke|p2|Hydreigon, M|item
|poke|p2|Blissey, F|item
|poke|p2|Togekiss, M|item
|poke|p2|Staraptor, M|item
|poke|p2|Machamp, M|item
|teampreview
|j| son_of_ringo
|j| TheWillager
|j| Jmils9
|j| Mattchumaniac44
|c|☆Notabot1234|This everybody?
|c| Mattchumaniac44|lets gett ittttt
|c|☆Notabot1234|gl hf Mr Matt
|j| crystopper_pkmn
|c|☆moof710|thanks man you too
|c| TheWillager|glhf
|l|☆Notabot1234
|player|p1|
|j|☆Notabot1234
|player|p1|Notabot1234|cynthia-gen4|
|c|☆Notabot1234|Browser crashed
|c|☆Notabot1234|am back
|
|t:|1716946587
|start
|switch|p1a: DOME|Heatran, F|100\/100
|switch|p2a: Greninja|Greninja, M|100\/100
|turn|1
|
|t:|1716946644
|move|p2a: Greninja|U-turn|p1a: DOME
|-resisted|p1a: DOME
|-damage|p1a: DOME|98\/100
|
|t:|1716946676
|switch|p2a: Machamp|Machamp, M|100\/100|[from] U-turn
|move|p1a: DOME|Stealth Rock|p2a: Machamp
|-sidestart|p2: moof710|move: Stealth Rock
|
|-status|p2a: Machamp|brn|[from] item: Flame Orb
|upkeep
|turn|2
|
|t:|1716946757
|move|p1a: DOME|Magma Storm|p2a: Machamp|[miss]
|-miss|p1a: DOME|p2a: Machamp
|move|p2a: Machamp|Knock Off|p1a: DOME
|-damage|p1a: DOME|53\/100
|-enditem|p1a: DOME|Focus Sash|[from] move: Knock Off|[of] p2a: Machamp
|
|-damage|p2a: Machamp|88\/100 brn|[from] brn
|upkeep
|turn|3
|
|t:|1716946779
|move|p1a: DOME|Magma Storm|p2a: Machamp|[miss]
|-miss|p1a: DOME|p2a: Machamp
|move|p2a: Machamp|Knock Off|p1a: DOME
|-crit|p1a: DOME
|-damage|p1a: DOME|7\/100
|
|-damage|p2a: Machamp|76\/100 brn|[from] brn
|upkeep
|turn|4
|
|t:|1716946793
|move|p1a: DOME|Magma Storm|p2a: Machamp|[miss]
|-miss|p1a: DOME|p2a: Machamp
|move|p2a: Machamp|Ice Punch|p1a: DOME
|-resisted|p1a: DOME
|-damage|p1a: DOME|0 fnt
|faint|p1a: DOME
|
|-damage|p2a: Machamp|63\/100 brn|[from] brn
|upkeep
|c|☆Notabot1234|Dam
|c| son_of_ringo|that's
|c| son_of_ringo|f
|c| crystopper_pkmn|F indeed
|c| crystopper_pkmn|75% of the time it misses all the time
|j| Joji27
|
|t:|1716946840
|switch|p1a: TUSK|Mamoswine, F|100\/100
|turn|5
|
|t:|1716946874
|switch|p2a: Staraptor|Staraptor, M|100\/100
|-damage|p2a: Staraptor|76\/100|[from] Stealth Rock
|-ability|p2a: Staraptor|Intimidate|boost
|-unboost|p1a: TUSK|atk|1
|move|p1a: TUSK|Earthquake|p2a: Staraptor
|-immune|p2a: Staraptor
|
|upkeep
|turn|6
|
|t:|1716946897
|switch|p1a: SCHNOZ|Tentacruel, F|100\/100
|move|p2a: Staraptor|Close Combat|p1a: SCHNOZ
|-resisted|p1a: SCHNOZ
|-damage|p1a: SCHNOZ|81\/100
|-unboost|p2a: Staraptor|def|1
|-unboost|p2a: Staraptor|spd|1
|
|-heal|p1a: SCHNOZ|87\/100|[from] item: Black Sludge
|upkeep
|turn|7
|
|t:|1716947009
|switch|p2a: Machamp|Machamp, M|63\/100 brn
|-damage|p2a: Machamp|57\/100 brn|[from] Stealth Rock
|move|p1a: SCHNOZ|Knock Off|p2a: Machamp
|-resisted|p2a: Machamp
|-damage|p2a: Machamp|48\/100 brn
|-enditem|p2a: Machamp|Flame Orb|[from] move: Knock Off|[of] p1a: SCHNOZ
|
|-heal|p1a: SCHNOZ|93\/100|[from] item: Black Sludge
|-damage|p2a: Machamp|35\/100 brn|[from] brn
|upkeep
|turn|8
|
|t:|1716947020
|move|p1a: SCHNOZ|Scald|p2a: Machamp
|-damage|p2a: Machamp|6\/100 brn
|move|p2a: Machamp|Knock Off|p1a: SCHNOZ
|-damage|p1a: SCHNOZ|34\/100
|-enditem|p1a: SCHNOZ|Black Sludge|[from] move: Knock Off|[of] p2a: Machamp
|
|-damage|p2a: Machamp|0 fnt|[from] brn
|faint|p2a: Machamp
|upkeep
|l| Jmils9
|
|t:|1716947075
|switch|p2a: Blissey|Blissey, F|100\/100
|-damage|p2a: Blissey|88\/100|[from] Stealth Rock
|turn|9
|
|t:|1716947081
|move|p1a: SCHNOZ|Knock Off|p2a: Blissey
|-damage|p2a: Blissey|76\/100
|-enditem|p2a: Blissey|Leftovers|[from] move: Knock Off|[of] p1a: SCHNOZ
|move|p2a: Blissey|Seismic Toss|p1a: SCHNOZ
|-damage|p1a: SCHNOZ|6\/100
|
|upkeep
|turn|10
|
|t:|1716947112
|switch|p1a: TAILZ|Espeon, F|100\/100
|move|p2a: Blissey|Seismic Toss|p1a: TAILZ
|-damage|p1a: TAILZ|64\/100
|
|upkeep
|turn|11
|
|t:|1716947125
|switch|p1a: SCHNOZ|Tentacruel, F|6\/100
|move|p2a: Blissey|Soft-Boiled|p2a: Blissey
|-heal|p2a: Blissey|100\/100
|
|upkeep
|turn|12
|
|t:|1716947134
|move|p1a: SCHNOZ|Knock Off|p2a: Blissey
|-damage|p2a: Blissey|92\/100
|move|p2a: Blissey|Seismic Toss|p1a: SCHNOZ
|-damage|p1a: SCHNOZ|0 fnt
|faint|p1a: SCHNOZ
|
|upkeep
|
|t:|1716947137
|switch|p1a: TUSK|Mamoswine, F|100\/100
|turn|13
|
|t:|1716947171
|move|p1a: TUSK|Icicle Crash|p2a: Blissey
|-damage|p2a: Blissey|55\/100
|cant|p2a: Blissey|flinch
|
|upkeep
|turn|14
|
|t:|1716947200
|move|p1a: TUSK|Icicle Crash|p2a: Blissey
|-damage|p2a: Blissey|20\/100
|move|p2a: Blissey|Counter|p1a: TUSK
|-damage|p1a: TUSK|0 fnt
|faint|p1a: TUSK
|
|upkeep
|c|☆Notabot1234|YO
|c|☆Notabot1234|mad respect holy shit
|
|t:|1716947213
|switch|p1a: WANGZ|Tornadus-Therian, M|100\/100
|turn|15
|
|t:|1716947298
|switch|p2a: Togekiss|Togekiss, M|100\/100
|-damage|p2a: Togekiss|76\/100|[from] Stealth Rock
|move|p1a: WANGZ|Hurricane|p2a: Togekiss
|-damage|p2a: Togekiss|44\/100
|
|-heal|p2a: Togekiss|50\/100|[from] item: Leftovers
|upkeep
|turn|16
|
|t:|1716947313
|switch|p1a: TAILZ|Espeon, F|64\/100
|move|p2a: Togekiss|Defog|p1a: TAILZ
|move|p1a: TAILZ|Defog|p2a: Togekiss|[from]ability: Magic Bounce
|-unboost|p2a: Togekiss|evasion|1
|-sideend|p2: moof710|Stealth Rock|[from] move: Defog|[of] p1a: TAILZ
|
|-heal|p2a: Togekiss|56\/100|[from] item: Leftovers
|upkeep
|turn|17
|
|t:|1716947324
|move|p1a: TAILZ|Psychic|p2a: Togekiss
|-damage|p2a: Togekiss|0 fnt
|faint|p2a: Togekiss
|
|upkeep
|
|t:|1716947364
|switch|p2a: Greninja|Greninja, M|100\/100
|turn|18
|
|t:|1716947439
|switch|p1a: BUSH|Aromatisse, M|100\/100
|move|p2a: Greninja|Dark Pulse|p1a: BUSH
|-resisted|p1a: BUSH
|-crit|p1a: BUSH
|-damage|p1a: BUSH|66\/100
|
|-heal|p1a: BUSH|72\/100|[from] item: Leftovers
|upkeep
|turn|19
|j| Jmils9
|l| Jmils9
|
|t:|1716947538
|switch|p2a: Blissey|Blissey, F|20\/100
|move|p1a: BUSH|Moonblast|p2a: Blissey
|-damage|p2a: Blissey|8\/100
|
|-heal|p1a: BUSH|78\/100|[from] item: Leftovers
|upkeep
|turn|20
|
|t:|1716947556
|move|p2a: Blissey|Soft-Boiled|p2a: Blissey
|-heal|p2a: Blissey|58\/100
|move|p1a: BUSH|Calm Mind|p1a: BUSH
|-boost|p1a: BUSH|spa|1
|-boost|p1a: BUSH|spd|1
|
|-heal|p1a: BUSH|84\/100|[from] item: Leftovers
|upkeep
|turn|21
|
|t:|1716947566
|move|p2a: Blissey|Soft-Boiled|p2a: Blissey
|-heal|p2a: Blissey|100\/100
|move|p1a: BUSH|Calm Mind|p1a: BUSH
|-boost|p1a: BUSH|spa|1
|-boost|p1a: BUSH|spd|1
|
|-heal|p1a: BUSH|90\/100|[from] item: Leftovers
|upkeep
|turn|22
|
|t:|1716947579
|move|p2a: Blissey|Seismic Toss|p1a: BUSH
|-damage|p1a: BUSH|66\/100
|move|p1a: BUSH|Calm Mind|p1a: BUSH
|-boost|p1a: BUSH|spa|1
|-boost|p1a: BUSH|spd|1
|
|-heal|p1a: BUSH|72\/100|[from] item: Leftovers
|upkeep
|turn|23
|
|t:|1716947587
|move|p2a: Blissey|Seismic Toss|p1a: BUSH
|-damage|p1a: BUSH|47\/100
|move|p1a: BUSH|Calm Mind|p1a: BUSH
|-boost|p1a: BUSH|spa|1
|-boost|p1a: BUSH|spd|1
|
|-heal|p1a: BUSH|53\/100|[from] item: Leftovers
|upkeep
|turn|24
|
|t:|1716947594
|move|p2a: Blissey|Seismic Toss|p1a: BUSH
|-damage|p1a: BUSH|29\/100
|move|p1a: BUSH|Calm Mind|p1a: BUSH
|-boost|p1a: BUSH|spa|1
|-boost|p1a: BUSH|spd|1
|
|-heal|p1a: BUSH|35\/100|[from] item: Leftovers
|upkeep
|turn|25
|
|t:|1716947601
|move|p2a: Blissey|Seismic Toss|p1a: BUSH
|-damage|p1a: BUSH|10\/100
|move|p1a: BUSH|Rest|p1a: BUSH
|-status|p1a: BUSH|slp|[from] move: Rest
|-heal|p1a: BUSH|100\/100 slp|[silent]
|
|upkeep
|turn|26
|c| son_of_ringo|did he cook?
|
|t:|1716947630
|switch|p2a: Staraptor|Staraptor, M|76\/100
|-ability|p2a: Staraptor|Intimidate|boost
|-unboost|p1a: BUSH|atk|1
|cant|p1a: BUSH|slp
|move|p1a: BUSH|Sleep Talk|p1a: BUSH
|move|p1a: BUSH|Moonblast|p2a: Staraptor|[from]move: Sleep Talk
|-damage|p2a: Staraptor|0 fnt
|faint|p2a: Staraptor
|
|upkeep
|c| son_of_ringo|HE COOKED
|
|t:|1716947644
|switch|p2a: Blissey|Blissey, F|100\/100
|turn|27
|
|t:|1716947648
|move|p2a: Blissey|Seismic Toss|p1a: BUSH
|-damage|p1a: BUSH|76\/100 slp
|cant|p1a: BUSH|slp
|move|p1a: BUSH|Sleep Talk|p1a: BUSH
|move|p1a: BUSH|Moonblast|p2a: Blissey|[from]move: Sleep Talk
|-damage|p2a: Blissey|60\/100
|-unboost|p2a: Blissey|spa|1
|
|-heal|p1a: BUSH|82\/100 slp|[from] item: Leftovers
|upkeep
|turn|28
|c| crystopper_pkmn|RNGesus said muh b for earlier
|
|t:|1716947658
|move|p2a: Blissey|Seismic Toss|p1a: BUSH
|-damage|p1a: BUSH|57\/100 slp
|-curestatus|p1a: BUSH|slp|[msg]
|move|p1a: BUSH|Calm Mind|p1a: BUSH
|-boost|p1a: BUSH|spa|1
|-boost|p1a: BUSH|spd|1
|
|-heal|p1a: BUSH|64\/100|[from] item: Leftovers
|upkeep
|turn|29
|
|t:|1716947666
|move|p2a: Blissey|Seismic Toss|p1a: BUSH
|-damage|p1a: BUSH|39\/100
|move|p1a: BUSH|Moonblast|p2a: Blissey
|-damage|p2a: Blissey|9\/100
|
|-heal|p1a: BUSH|45\/100|[from] item: Leftovers
|upkeep
|turn|30
|
|t:|1716947676
|move|p2a: Blissey|Soft-Boiled|p2a: Blissey
|-heal|p2a: Blissey|59\/100
|move|p1a: BUSH|Moonblast|p2a: Blissey
|-damage|p2a: Blissey|9\/100
|-unboost|p2a: Blissey|spa|1
|
|-heal|p1a: BUSH|51\/100|[from] item: Leftovers
|upkeep
|turn|31
|
|t:|1716947684
|move|p2a: Blissey|Soft-Boiled|p2a: Blissey
|-heal|p2a: Blissey|59\/100
|move|p1a: BUSH|Moonblast|p2a: Blissey
|-damage|p2a: Blissey|12\/100
|
|-heal|p1a: BUSH|57\/100|[from] item: Leftovers
|upkeep
|turn|32
|
|t:|1716947693
|move|p2a: Blissey|Soft-Boiled|p2a: Blissey
|-heal|p2a: Blissey|62\/100
|move|p1a: BUSH|Moonblast|p2a: Blissey
|-damage|p2a: Blissey|10\/100
|
|-heal|p1a: BUSH|64\/100|[from] item: Leftovers
|upkeep
|turn|33
|
|t:|1716947701
|move|p2a: Blissey|Soft-Boiled|p2a: Blissey
|-heal|p2a: Blissey|60\/100
|move|p1a: BUSH|Moonblast|p2a: Blissey
|-damage|p2a: Blissey|13\/100
|-unboost|p2a: Blissey|spa|1
|
|-heal|p1a: BUSH|70\/100|[from] item: Leftovers
|upkeep
|turn|34
|c|☆moof710|MISS
|
|t:|1716947711
|move|p2a: Blissey|Soft-Boiled|p2a: Blissey
|-heal|p2a: Blissey|63\/100
|move|p1a: BUSH|Moonblast|p2a: Blissey
|-damage|p2a: Blissey|12\/100
|
|-heal|p1a: BUSH|76\/100|[from] item: Leftovers
|upkeep
|turn|35
|
|t:|1716947718
|move|p2a: Blissey|Soft-Boiled|p2a: Blissey
|-heal|p2a: Blissey|62\/100
|move|p1a: BUSH|Moonblast|p2a: Blissey
|-damage|p2a: Blissey|16\/100
|-unboost|p2a: Blissey|spa|1
|
|-heal|p1a: BUSH|82\/100|[from] item: Leftovers
|upkeep
|turn|36
|c| son_of_ringo|oh it's 100% acc
|
|t:|1716947726
|move|p2a: Blissey|Soft-Boiled|p2a: Blissey
|-heal|p2a: Blissey|66\/100
|move|p1a: BUSH|Moonblast|p2a: Blissey
|-damage|p2a: Blissey|22\/100
|-unboost|p2a: Blissey|spa|1
|
|-heal|p1a: BUSH|88\/100|[from] item: Leftovers
|upkeep
|turn|37
|c|☆moof710|oh fuck me lmao
|
|t:|1716947743
|move|p2a: Blissey|Seismic Toss|p1a: BUSH
|-damage|p1a: BUSH|64\/100
|move|p1a: BUSH|Moonblast|p2a: Blissey
|-damage|p2a: Blissey|0 fnt
|faint|p2a: Blissey
|
|-heal|p1a: BUSH|70\/100|[from] item: Leftovers
|upkeep
|c|☆moof710|im toast damn
|j| Jmils9
|
|t:|1716947787
|switch|p2a: Hydreigon|Hydreigon, M|100\/100
|turn|38
|c| Jmils9|Hydreigon the goat
|c| crystopper_pkmn|theres always a chance
|c| Mattchumaniac44|any critters?
|c|☆Notabot1234|With my luck
|
|t:|1716947811
|move|p2a: Hydreigon|U-turn|p1a: BUSH
|-resisted|p1a: BUSH
|-damage|p1a: BUSH|63\/100
|c|☆Notabot1234|Probably
|
|t:|1716947816
|switch|p2a: Greninja|Greninja, M|100\/100|[from] U-turn
|move|p1a: BUSH|Moonblast|p2a: Greninja
|-supereffective|p2a: Greninja
|-damage|p2a: Greninja|0 fnt
|faint|p2a: Greninja
|
|-heal|p1a: BUSH|69\/100|[from] item: Leftovers
|upkeep
|
|t:|1716947825
|switch|p2a: Hydreigon|Hydreigon, M|100\/100
|turn|39
|
|t:|1716947830
|move|p2a: Hydreigon|Fire Blast|p1a: BUSH
|-damage|p1a: BUSH|61\/100
|move|p1a: BUSH|Moonblast|p2a: Hydreigon
|-supereffective|p2a: Hydreigon
|-damage|p2a: Hydreigon|0 fnt
|faint|p2a: Hydreigon
|
|win|Notabot1234
|c| son_of_ringo|gg
|c| TheWillager|gg
|c|☆moof710|oooooof
|c|☆moof710|gg
|c|☆moof710|gg
|c| Joji27|gg
|l|☆Notabot1234
|player|p1|
|c| Mattchumaniac44|gg
|c| crystopper_pkmn|gg
|l| Joji27
|c|☆moof710|i need an answer to fair ngl
|j|☆Notabot1234
|player|p1|Notabot1234|cynthia-gen4|
|c|☆moof710|*fairy
|c|☆Notabot1234|Gg
|c|☆Notabot1234|am srry for leaving before gg

</script>
</div>
<div class="battle-log battle-log-inline"><div class="inner"><div class="battle-options"></div><div class="inner message-log"><div class="chat"><small>☆Notabot1234 and ☆moof710 joined</small></div><div class=""><small>Format:</small> <br><strong>[Gen 6] Draft</strong></div><div class=""><small><em>Sleep Clause Mod:</em> Limit one foe put to sleep</small></div><div class=""><small><em>OHKO Clause:</em> OHKO moves are banned</small></div><div class=""><small><em>Evasion Clause:</em> Evasion abilities, items, and moves are banned</small></div><div class=""><small><em>Evasion Abilities Clause:</em> Evasion abilities are banned</small></div><div class=""><small><em>Evasion Items Clause:</em> Evasion items are banned</small></div><div class=""><small><em>Evasion Moves Clause:</em> Evasion moves are banned</small></div><div class=""><small><em>Endless Battle Clause:</em> Forcing endless battles is banned</small></div><div class=""><small><em>HP Percentage Mod:</em> HP is shown in percentages</small></div><div class=""><small><em>Moody Clause:</em> Moody is banned</small></div><div class=""><small><em>Swagger Clause:</em> Swagger is banned</small></div><div class="chat battle-history"><strong>Notabot1234's team:</strong> <em style="color:#445566;display:block;">Tornadus-Therian / Heatran / Aromatisse / Mamoswine / Espeon / Tentacruel</em></div><div class="chat battle-history"><strong>moof710's team:</strong> <em style="color:#445566;display:block;">Greninja-* / Hydreigon / Blissey / Togekiss / Staraptor / Machamp</em></div><div class="chat"><small> son_of_ringo,  TheWillager,  Jmils9, and  Mattchumaniac44 joined</small></div><div class="chat chatmessage-notabot1234"><strong style="color:#ba8f0f"><small>☆</small><span class="username" data-name="Notabot1234">Notabot1234</span>:</strong> <em>This everybody?</em></div><div class="chat chatmessage-mattchumaniac44"><strong style="color:#b3901d"><small> </small><span class="username" data-name="Mattchumaniac44">Mattchumaniac44</span>:</strong> <em>lets gett ittttt</em></div><div class="chat chatmessage-notabot1234"><strong style="color:#ba8f0f"><small>☆</small><span class="username" data-name="Notabot1234">Notabot1234</span>:</strong> <em>gl hf Mr Matt</em></div><div class="chat"><small> crystopper_pkmn joined</small></div><div class="chat chatmessage-moof710"><strong style="color:#3086ab"><small>☆</small><span class="username" data-name="moof710">moof710</span>:</strong> <em>thanks man you too</em></div><div class="chat chatmessage-thewillager"><strong style="color:#7d923a"><small> </small><span class="username" data-name="TheWillager">TheWillager</span>:</strong> <em>glhf</em></div><div class="chat"><small>☆Notabot1234 left</small></div><div class="chat"><small>☆Notabot1234 joined</small></div><div class="chat chatmessage-notabot1234"><strong style="color:#ba8f0f"><small>☆</small><span class="username" data-name="Notabot1234">Notabot1234</span>:</strong> <em>Browser crashed</em></div><div class="chat chatmessage-notabot1234"><strong style="color:#ba8f0f"><small>☆</small><span class="username" data-name="Notabot1234">Notabot1234</span>:</strong> <em>am back</em></div><div class="spacer battle-history"><br></div><div class="battle-history">Battle started between Notabot1234 and moof710!<br></div><div class="spacer battle-history"><br></div><div class="battle-history">Go! DOME (<strong>Heatran</strong>)!<br></div><div class="spacer battle-history"><br></div><div class="battle-history">moof710 sent out <strong>Greninja</strong>!<br></div><div class="spacer battle-history"><br></div><h2 class="battle-history">Turn 1</h2><div class="spacer battle-history"><br></div><div class="battle-history">The opposing Greninja used <strong>U-turn</strong>!<br></div><div class="battle-history"><small>It's not very effective...</small><br></div><div class="battle-history"><small>(DOME lost 2% of its health!)</small><br></div><div class="spacer battle-history"><br></div><div class="battle-history">The opposing Greninja went back to moof710!<br></div><div class="battle-history">moof710 sent out <strong>Machamp</strong>!<br></div><div class="spacer battle-history"><br></div><div class="battle-history">DOME used <strong>Stealth Rock</strong>!<br></div><div class="battle-history"><small>Pointed stones float in the air around the opposing team!</small><br></div><div class="spacer battle-history"><br></div><div class="battle-history"><small>The opposing Machamp was burned!</small><br></div><div class="spacer battle-history"><br></div><h2 class="battle-history">Turn 2</h2><div class="spacer battle-history"><br></div><div class="battle-history">DOME used <strong>Magma Storm</strong>!<br></div><div class="battle-history"><small>The opposing Machamp avoided the attack!</small><br></div><div class="spacer battle-history"><br></div><div class="battle-history">The opposing Machamp used <strong>Knock Off</strong>!<br></div><div class="battle-history"><small>(DOME lost 45% of its health!)</small><br></div><div class="battle-history"><small>The opposing Machamp knocked off DOME's Focus Sash!</small><br></div><div class="spacer battle-history"><br></div><div class="battle-history"><small>The opposing Machamp was hurt by its burn!</small><br></div><div class="spacer battle-history"><br></div><h2 class="battle-history">Turn 3</h2><div class="spacer battle-history"><br></div><div class="battle-history">DOME used <strong>Magma Storm</strong>!<br></div><div class="battle-history"><small>The opposing Machamp avoided the attack!</small><br></div><div class="spacer battle-history"><br></div><div class="battle-history">The opposing Machamp used <strong>Knock Off</strong>!<br></div><div class="battle-history"><small>A critical hit!</small><br></div><div class="battle-history"><small>(DOME lost 46% of its health!)</small><br></div><div class="spacer battle-history"><br></div><div class="battle-history"><small>The opposing Machamp was hurt by its burn!</small><br></div><div class="spacer battle-history"><br></div><h2 class="battle-history">Turn 4</h2><div class="spacer battle-history"><br></div><div class="battle-history">DOME used <strong>Magma Storm</strong>!<br></div><div class="battle-history"><small>The opposing Machamp avoided the attack!</small><br></div><div class="spacer battle-history"><br></div><div class="battle-history">The opposing Machamp used <strong>Ice Punch</strong>!<br></div><div class="battle-history"><small>It's not very effective...</small><br></div><div class="battle-history"><small>(DOME lost 7% of its health!)</small><br></div><div class="spacer battle-history"><br></div><div class="battle-history">DOME fainted!<br></div><div class="spacer battle-history"><br></div><div class="battle-history"><small>The opposing Machamp was hurt by its burn!</small><br></div><div class="chat chatmessage-notabot1234"><strong style="color:#ba8f0f"><small>☆</small><span class="username" data-name="Notabot1234">Notabot1234</span>:</strong> <em>Dam</em></div><div class="chat chatmessage-sonofringo"><strong style="color:#8a8e0e"><small> </small><span class="username" data-name="son_of_ringo">son_of_ringo</span>:</strong> <em>that's</em></div><div class="chat chatmessage-sonofringo"><strong style="color:#8a8e0e"><small> </small><span class="username" data-name="son_of_ringo">son_of_ringo</span>:</strong> <em>f</em></div><div class="chat chatmessage-crystopperpkmn"><strong style="color:#b08245"><small> </small><span class="username" data-name="crystopper_pkmn">crystopper_pkmn</span>:</strong> <em>F indeed</em></div><div class="chat chatmessage-crystopperpkmn"><strong style="color:#b08245"><small> </small><span class="username" data-name="crystopper_pkmn">crystopper_pkmn</span>:</strong> <em>75% of the time it misses all the time</em></div><div class="chat"><small> Joji27 joined</small></div><div class="spacer battle-history"><br></div><div class="battle-history">Go! TUSK (<strong>Mamoswine</strong>)!<br></div><div class="spacer battle-history"><br></div><h2 class="battle-history">Turn 5</h2><div class="spacer battle-history"><br></div><div class="battle-history">moof710 withdrew Machamp!<br></div><div class="battle-history">moof710 sent out <strong>Staraptor</strong>!<br></div><div class="battle-history"><small>Pointed stones dug into the opposing Staraptor!</small><br></div><div class="battle-history">[The opposing Staraptor's Intimidate]<br></div><div class="battle-history"><small>TUSK's Attack fell!</small><br></div><div class="spacer battle-history"><br></div><div class="battle-history">TUSK used <strong>Earthquake</strong>!<br></div><div class="battle-history"><small>It doesn't affect the opposing Staraptor...</small><br></div><div class="spacer battle-history"><br></div><h2 class="battle-history">Turn 6</h2><div class="spacer battle-history"><br></div><div class="battle-history">TUSK, come back!<br></div><div class="battle-history">Go! SCHNOZ (<strong>Tentacruel</strong>)!<br></div><div class="spacer battle-history"><br></div><div class="battle-history">The opposing Staraptor used <strong>Close Combat</strong>!<br></div><div class="battle-history"><small>It's not very effective...</small><br></div><div class="battle-history"><small>(SCHNOZ lost 19% of its health!)</small><br></div><div class="battle-history"><small>The opposing Staraptor's Defense fell!</small><br></div><div class="battle-history"><small>The opposing Staraptor's Sp. Def fell!</small><br></div><div class="spacer battle-history"><br></div><div class="battle-history"><small>SCHNOZ restored a little HP using its Black Sludge!</small><br></div><div class="spacer battle-history"><br></div><h2 class="battle-history">Turn 7</h2><div class="spacer battle-history"><br></div><div class="battle-history">moof710 withdrew Staraptor!<br></div><div class="battle-history">moof710 sent out <strong>Machamp</strong>!<br></div><div class="battle-history"><small>Pointed stones dug into the opposing Machamp!</small><br></div><div class="spacer battle-history"><br></div><div class="battle-history">SCHNOZ used <strong>Knock Off</strong>!<br></div><div class="battle-history"><small>It's not very effective...</small><br></div><div class="battle-history"><small>(The opposing Machamp lost 9% of its health!)</small><br></div><div class="battle-history"><small>SCHNOZ knocked off the opposing Machamp's Flame Orb!</small><br></div><div class="spacer battle-history"><br></div><div class="battle-history"><small>SCHNOZ restored a little HP using its Black Sludge!</small><br></div><div class="battle-history"><small>The opposing Machamp was hurt by its burn!</small><br></div><div class="spacer battle-history"><br></div><h2 class="battle-history">Turn 8</h2><div class="spacer battle-history"><br></div><div class="battle-history">SCHNOZ used <strong>Scald</strong>!<br></div><div class="battle-history"><small>(The opposing Machamp lost 29% of its health!)</small><br></div><div class="spacer battle-history"><br></div><div class="battle-history">The opposing Machamp used <strong>Knock Off</strong>!<br></div><div class="battle-history"><small>(SCHNOZ lost 59% of its health!)</small><br></div><div class="battle-history"><small>The opposing Machamp knocked off SCHNOZ's Black Sludge!</small><br></div><div class="spacer battle-history"><br></div><div class="battle-history"><small>The opposing Machamp was hurt by its burn!</small><br></div><div class="spacer battle-history"><br></div><div class="battle-history">The opposing Machamp fainted!<br></div><div class="chat"><small> Jmils9 left</small></div><div class="spacer battle-history"><br></div><div class="battle-history">moof710 sent out <strong>Blissey</strong>!<br></div><div class="battle-history"><small>Pointed stones dug into the opposing Blissey!</small><br></div><div class="spacer battle-history"><br></div><h2 class="battle-history">Turn 9</h2><div class="spacer battle-history"><br></div><div class="battle-history">SCHNOZ used <strong>Knock Off</strong>!<br></div><div class="battle-history"><small>(The opposing Blissey lost 12% of its health!)</small><br></div><div class="battle-history"><small>SCHNOZ knocked off the opposing Blissey's Leftovers!</small><br></div><div class="spacer battle-history"><br></div><div class="battle-history">The opposing Blissey used <strong>Seismic Toss</strong>!<br></div><div class="battle-history"><small>(SCHNOZ lost 28% of its health!)</small><br></div><div class="spacer battle-history"><br></div><h2 class="battle-history">Turn 10</h2><div class="spacer battle-history"><br></div><div class="battle-history">SCHNOZ, come back!<br></div><div class="battle-history">Go! TAILZ (<strong>Espeon</strong>)!<br></div><div class="spacer battle-history"><br></div><div class="battle-history">The opposing Blissey used <strong>Seismic Toss</strong>!<br></div><div class="battle-history"><small>(TAILZ lost 36% of its health!)</small><br></div><div class="spacer battle-history"><br></div><h2 class="battle-history">Turn 11</h2><div class="spacer battle-history"><br></div><div class="battle-history">TAILZ, come back!<br></div><div class="battle-history">Go! SCHNOZ (<strong>Tentacruel</strong>)!<br></div><div class="spacer battle-history"><br></div><div class="battle-history">The opposing Blissey used <strong>Soft-Boiled</strong>!<br></div><div class="battle-history"><small>The opposing Blissey had its HP restored.</small><br></div><div class="spacer battle-history"><br></div><h2 class="battle-history">Turn 12</h2><div class="spacer battle-history"><br></div><div class="battle-history">SCHNOZ used <strong>Knock Off</strong>!<br></div><div class="battle-history"><small>(The opposing Blissey lost 8% of its health!)</small><br></div><div class="spacer battle-history"><br></div><div class="battle-history">The opposing Blissey used <strong>Seismic Toss</strong>!<br></div><div class="battle-history"><small>(SCHNOZ lost 6% of its health!)</small><br></div><div class="spacer battle-history"><br></div><div class="battle-history">SCHNOZ fainted!<br></div><div class="spacer battle-history"><br></div><div class="battle-history">Go! TUSK (<strong>Mamoswine</strong>)!<br></div><div class="spacer battle-history"><br></div><h2 class="battle-history">Turn 13</h2><div class="spacer battle-history"><br></div><div class="battle-history">TUSK used <strong>Icicle Crash</strong>!<br></div><div class="battle-history"><small>(The opposing Blissey lost 37% of its health!)</small><br></div><div class="spacer battle-history"><br></div><div class="battle-history">The opposing Blissey flinched and couldn't move!<br></div><div class="spacer battle-history"><br></div><h2 class="battle-history">Turn 14</h2><div class="spacer battle-history"><br></div><div class="battle-history">TUSK used <strong>Icicle Crash</strong>!<br></div><div class="battle-history"><small>(The opposing Blissey lost 35% of its health!)</small><br></div><div class="spacer battle-history"><br></div><div class="battle-history">The opposing Blissey used <strong>Counter</strong>!<br></div><div class="battle-history"><small>(TUSK lost 100% of its health!)</small><br></div><div class="spacer battle-history"><br></div><div class="battle-history">TUSK fainted!<br></div><div class="chat chatmessage-notabot1234"><strong style="color:#ba8f0f"><small>☆</small><span class="username" data-name="Notabot1234">Notabot1234</span>:</strong> <em>YO</em></div><div class="chat chatmessage-notabot1234"><strong style="color:#ba8f0f"><small>☆</small><span class="username" data-name="Notabot1234">Notabot1234</span>:</strong> <em>mad respect holy shit</em></div><div class="spacer battle-history"><br></div><div class="battle-history">Go! WANGZ (<strong>Tornadus-Therian</strong>)!<br></div><div class="spacer battle-history"><br></div><h2 class="battle-history">Turn 15</h2><div class="spacer battle-history"><br></div><div class="battle-history">moof710 withdrew Blissey!<br></div><div class="battle-history">moof710 sent out <strong>Togekiss</strong>!<br></div><div class="battle-history"><small>Pointed stones dug into the opposing Togekiss!</small><br></div><div class="spacer battle-history"><br></div><div class="battle-history">WANGZ used <strong>Hurricane</strong>!<br></div><div class="battle-history"><small>(The opposing Togekiss lost 32% of its health!)</small><br></div><div class="spacer battle-history"><br></div><div class="battle-history"><small>The opposing Togekiss restored a little HP using its Leftovers!</small><br></div><div class="spacer battle-history"><br></div><h2 class="battle-history">Turn 16</h2><div class="spacer battle-history"><br></div><div class="battle-history">WANGZ, come back!<br></div><div class="battle-history">Go! TAILZ (<strong>Espeon</strong>)!<br></div><div class="spacer battle-history"><br></div><div class="battle-history">The opposing Togekiss used <strong>Defog</strong>!<br></div><div class="spacer battle-history"><br></div><div class="battle-history">[TAILZ's Magic Bounce]<br>TAILZ bounced the Defog back!<br></div><div class="battle-history"><small>The opposing Togekiss's evasiveness fell!</small><br></div><div class="battle-history"><small>The pointed stones disappeared from around the opposing team!</small><br></div><div class="spacer battle-history"><br></div><div class="battle-history"><small>The opposing Togekiss restored a little HP using its Leftovers!</small><br></div><div class="spacer battle-history"><br></div><h2 class="battle-history">Turn 17</h2><div class="spacer battle-history"><br></div><div class="battle-history">TAILZ used <strong>Psychic</strong>!<br></div><div class="battle-history"><small>(The opposing Togekiss lost 56% of its health!)</small><br></div><div class="spacer battle-history"><br></div><div class="battle-history">The opposing Togekiss fainted!<br></div><div class="spacer battle-history"><br></div><div class="battle-history">moof710 sent out <strong>Greninja</strong>!<br></div><div class="spacer battle-history"><br></div><h2 class="battle-history">Turn 18</h2><div class="spacer battle-history"><br></div><div class="battle-history">TAILZ, come back!<br></div><div class="battle-history">Go! BUSH (<strong>Aromatisse</strong>)!<br></div><div class="spacer battle-history"><br></div><div class="battle-history">The opposing Greninja used <strong>Dark Pulse</strong>!<br></div><div class="battle-history"><small>It's not very effective...</small><br></div><div class="battle-history"><small>A critical hit!</small><br></div><div class="battle-history"><small>(BUSH lost 34% of its health!)</small><br></div><div class="spacer battle-history"><br></div><div class="battle-history"><small>BUSH restored a little HP using its Leftovers!</small><br></div><div class="spacer battle-history"><br></div><h2 class="battle-history">Turn 19</h2><div class="chat"><small> Jmils9 joined;  Jmils9 left</small></div><div class="spacer battle-history"><br></div><div class="battle-history">moof710 withdrew Greninja!<br></div><div class="battle-history">moof710 sent out <strong>Blissey</strong>!<br></div><div class="spacer battle-history"><br></div><div class="battle-history">BUSH used <strong>Moonblast</strong>!<br></div><div class="battle-history"><small>(The opposing Blissey lost 12% of its health!)</small><br></div><div class="spacer battle-history"><br></div><div class="battle-history"><small>BUSH restored a little HP using its Leftovers!</small><br></div><div class="spacer battle-history"><br></div><h2 class="battle-history">Turn 20</h2><div class="spacer battle-history"><br></div><div class="battle-history">The opposing Blissey used <strong>Soft-Boiled</strong>!<br></div><div class="battle-history"><small>The opposing Blissey had its HP restored.</small><br></div><div class="spacer battle-history"><br></div><div class="battle-history">BUSH used <strong>Calm Mind</strong>!<br></div><div class="battle-history"><small>BUSH's Sp. Atk rose!</small><br></div><div class="battle-history"><small>BUSH's Sp. Def rose!</small><br></div><div class="spacer battle-history"><br></div><div class="battle-history"><small>BUSH restored a little HP using its Leftovers!</small><br></div><div class="spacer battle-history"><br></div><h2 class="battle-history">Turn 21</h2><div class="spacer battle-history"><br></div><div class="battle-history">The opposing Blissey used <strong>Soft-Boiled</strong>!<br></div><div class="battle-history"><small>The opposing Blissey had its HP restored.</small><br></div><div class="spacer battle-history"><br></div><div class="battle-history">BUSH used <strong>Calm Mind</strong>!<br></div><div class="battle-history"><small>BUSH's Sp. Atk rose!</small><br></div><div class="battle-history"><small>BUSH's Sp. Def rose!</small><br></div><div class="spacer battle-history"><br></div><div class="battle-history"><small>BUSH restored a little HP using its Leftovers!</small><br></div><div class="spacer battle-history"><br></div><h2 class="battle-history">Turn 22</h2><div class="spacer battle-history"><br></div><div class="battle-history">The opposing Blissey used <strong>Seismic Toss</strong>!<br></div><div class="battle-history"><small>(BUSH lost 24% of its health!)</small><br></div><div class="spacer battle-history"><br></div><div class="battle-history">BUSH used <strong>Calm Mind</strong>!<br></div><div class="battle-history"><small>BUSH's Sp. Atk rose!</small><br></div><div class="battle-history"><small>BUSH's Sp. Def rose!</small><br></div><div class="spacer battle-history"><br></div><div class="battle-history"><small>BUSH restored a little HP using its Leftovers!</small><br></div><div class="spacer battle-history"><br></div><h2 class="battle-history">Turn 23</h2><div class="spacer battle-history"><br></div><div class="battle-history">The opposing Blissey used <strong>Seismic Toss</strong>!<br></div><div class="battle-history"><small>(BUSH lost 25% of its health!)</small><br></div><div class="spacer battle-history"><br></div><div class="battle-history">BUSH used <strong>Calm Mind</strong>!<br></div><div class="battle-history"><small>BUSH's Sp. Atk rose!</small><br></div><div class="battle-history"><small>BUSH's Sp. Def rose!</small><br></div><div class="spacer battle-history"><br></div><div class="battle-history"><small>BUSH restored a little HP using its Leftovers!</small><br></div><div class="spacer battle-history"><br></div><h2 class="battle-history">Turn 24</h2><div class="spacer battle-history"><br></div><div class="battle-history">The opposing Blissey used <strong>Seismic Toss</strong>!<br></div><div class="battle-history"><small>(BUSH lost 24% of its health!)</small><br></div><div class="spacer battle-history"><br></div><div class="battle-history">BUSH used <strong>Calm Mind</strong>!<br></div><div class="battle-history"><small>BUSH's Sp. Atk rose!</small><br></div><div class="battle-history"><small>BUSH's Sp. Def rose!</small><br></div><div class="spacer battle-history"><br></div><div class="battle-history"><small>BUSH restored a little HP using its Leftovers!</small><br></div><div class="spacer battle-history"><br></div><h2 class="battle-history">Turn 25</h2><div class="spacer battle-history"><br></div><div class="battle-history">The opposing Blissey used <strong>Seismic Toss</strong>!<br></div><div class="battle-history"><small>(BUSH lost 25% of its health!)</small><br></div><div class="spacer battle-history"><br></div><div class="battle-history">BUSH used <strong>Rest</strong>!<br></div><div class="battle-history"><small>BUSH slept and became healthy!</small><br></div><div class="spacer battle-history"><br></div><h2 class="battle-history">Turn 26</h2><div class="chat chatmessage-sonofringo"><strong style="color:#8a8e0e"><small> </small><span class="username" data-name="son_of_ringo">son_of_ringo</span>:</strong> <em>did he cook?</em></div><div class="spacer battle-history"><br></div><div class="battle-history">moof710 withdrew Blissey!<br></div><div class="battle-history">moof710 sent out <strong>Staraptor</strong>!<br></div><div class="battle-history">[The opposing Staraptor's Intimidate]<br></div><div class="battle-history"><small>BUSH's Attack fell!</small><br></div><div class="spacer battle-history"><br></div><div class="battle-history">BUSH is fast asleep.<br></div><div class="spacer battle-history"><br></div><div class="battle-history">BUSH used <strong>Sleep Talk</strong>!<br></div><div class="spacer battle-history"><br></div><div class="battle-history">BUSH used <strong>Moonblast</strong>!<br></div><div class="battle-history"><small>(The opposing Staraptor lost 76% of its health!)</small><br></div><div class="spacer battle-history"><br></div><div class="battle-history">The opposing Staraptor fainted!<br></div><div class="chat chatmessage-sonofringo"><strong style="color:#8a8e0e"><small> </small><span class="username" data-name="son_of_ringo">son_of_ringo</span>:</strong> <em>HE COOKED</em></div><div class="spacer battle-history"><br></div><div class="battle-history">moof710 sent out <strong>Blissey</strong>!<br></div><div class="spacer battle-history"><br></div><h2 class="battle-history">Turn 27</h2><div class="spacer battle-history"><br></div><div class="battle-history">The opposing Blissey used <strong>Seismic Toss</strong>!<br></div><div class="battle-history"><small>(BUSH lost 24% of its health!)</small><br></div><div class="spacer battle-history"><br></div><div class="battle-history">BUSH is fast asleep.<br></div><div class="spacer battle-history"><br></div><div class="battle-history">BUSH used <strong>Sleep Talk</strong>!<br></div><div class="spacer battle-history"><br></div><div class="battle-history">BUSH used <strong>Moonblast</strong>!<br></div><div class="battle-history"><small>(The opposing Blissey lost 40% of its health!)</small><br></div><div class="battle-history"><small>The opposing Blissey's Sp. Atk fell!</small><br></div><div class="spacer battle-history"><br></div><div class="battle-history"><small>BUSH restored a little HP using its Leftovers!</small><br></div><div class="spacer battle-history"><br></div><h2 class="battle-history">Turn 28</h2><div class="chat chatmessage-crystopperpkmn"><strong style="color:#b08245"><small> </small><span class="username" data-name="crystopper_pkmn">crystopper_pkmn</span>:</strong> <em>RNGesus said muh b for earlier</em></div><div class="spacer battle-history"><br></div><div class="battle-history">The opposing Blissey used <strong>Seismic Toss</strong>!<br></div><div class="battle-history"><small>(BUSH lost 25% of its health!)</small><br></div><div class="battle-history"><small>BUSH woke up!</small><br></div><div class="spacer battle-history"><br></div><div class="battle-history">BUSH used <strong>Calm Mind</strong>!<br></div><div class="battle-history"><small>BUSH's Sp. Atk rose!</small><br></div><div class="battle-history"><small>BUSH's Sp. Def rose!</small><br></div><div class="spacer battle-history"><br></div><div class="battle-history"><small>BUSH restored a little HP using its Leftovers!</small><br></div><div class="spacer battle-history"><br></div><h2 class="battle-history">Turn 29</h2><div class="spacer battle-history"><br></div><div class="battle-history">The opposing Blissey used <strong>Seismic Toss</strong>!<br></div><div class="battle-history"><small>(BUSH lost 25% of its health!)</small><br></div><div class="spacer battle-history"><br></div><div class="battle-history">BUSH used <strong>Moonblast</strong>!<br></div><div class="battle-history"><small>(The opposing Blissey lost 51% of its health!)</small><br></div><div class="spacer battle-history"><br></div><div class="battle-history"><small>BUSH restored a little HP using its Leftovers!</small><br></div><div class="spacer battle-history"><br></div><h2 class="battle-history">Turn 30</h2><div class="spacer battle-history"><br></div><div class="battle-history">The opposing Blissey used <strong>Soft-Boiled</strong>!<br></div><div class="battle-history"><small>The opposing Blissey had its HP restored.</small><br></div><div class="spacer battle-history"><br></div><div class="battle-history">BUSH used <strong>Moonblast</strong>!<br></div><div class="battle-history"><small>(The opposing Blissey lost 50% of its health!)</small><br></div><div class="battle-history"><small>The opposing Blissey's Sp. Atk fell!</small><br></div><div class="spacer battle-history"><br></div><div class="battle-history"><small>BUSH restored a little HP using its Leftovers!</small><br></div><div class="spacer battle-history"><br></div><h2 class="battle-history">Turn 31</h2><div class="spacer battle-history"><br></div><div class="battle-history">The opposing Blissey used <strong>Soft-Boiled</strong>!<br></div><div class="battle-history"><small>The opposing Blissey had its HP restored.</small><br></div><div class="spacer battle-history"><br></div><div class="battle-history">BUSH used <strong>Moonblast</strong>!<br></div><div class="battle-history"><small>(The opposing Blissey lost 47% of its health!)</small><br></div><div class="spacer battle-history"><br></div><div class="battle-history"><small>BUSH restored a little HP using its Leftovers!</small><br></div><div class="spacer battle-history"><br></div><h2 class="battle-history">Turn 32</h2><div class="spacer battle-history"><br></div><div class="battle-history">The opposing Blissey used <strong>Soft-Boiled</strong>!<br></div><div class="battle-history"><small>The opposing Blissey had its HP restored.</small><br></div><div class="spacer battle-history"><br></div><div class="battle-history">BUSH used <strong>Moonblast</strong>!<br></div><div class="battle-history"><small>(The opposing Blissey lost 52% of its health!)</small><br></div><div class="spacer battle-history"><br></div><div class="battle-history"><small>BUSH restored a little HP using its Leftovers!</small><br></div><div class="spacer battle-history"><br></div><h2 class="battle-history">Turn 33</h2><div class="spacer battle-history"><br></div><div class="battle-history">The opposing Blissey used <strong>Soft-Boiled</strong>!<br></div><div class="battle-history"><small>The opposing Blissey had its HP restored.</small><br></div><div class="spacer battle-history"><br></div><div class="battle-history">BUSH used <strong>Moonblast</strong>!<br></div><div class="battle-history"><small>(The opposing Blissey lost 47% of its health!)</small><br></div><div class="battle-history"><small>The opposing Blissey's Sp. Atk fell!</small><br></div><div class="spacer battle-history"><br></div><div class="battle-history"><small>BUSH restored a little HP using its Leftovers!</small><br></div><div class="spacer battle-history"><br></div><h2 class="battle-history">Turn 34</h2><div class="chat chatmessage-moof710"><strong style="color:#3086ab"><small>☆</small><span class="username" data-name="moof710">moof710</span>:</strong> <em>MISS</em></div><div class="spacer battle-history"><br></div><div class="battle-history">The opposing Blissey used <strong>Soft-Boiled</strong>!<br></div><div class="battle-history"><small>The opposing Blissey had its HP restored.</small><br></div><div class="spacer battle-history"><br></div><div class="battle-history">BUSH used <strong>Moonblast</strong>!<br></div><div class="battle-history"><small>(The opposing Blissey lost 51% of its health!)</small><br></div><div class="spacer battle-history"><br></div><div class="battle-history"><small>BUSH restored a little HP using its Leftovers!</small><br></div><div class="spacer battle-history"><br></div><h2 class="battle-history">Turn 35</h2><div class="spacer battle-history"><br></div><div class="battle-history">The opposing Blissey used <strong>Soft-Boiled</strong>!<br></div><div class="battle-history"><small>The opposing Blissey had its HP restored.</small><br></div><div class="spacer battle-history"><br></div><div class="battle-history">BUSH used <strong>Moonblast</strong>!<br></div><div class="battle-history"><small>(The opposing Blissey lost 46% of its health!)</small><br></div><div class="battle-history"><small>The opposing Blissey's Sp. Atk fell!</small><br></div><div class="spacer battle-history"><br></div><div class="battle-history"><small>BUSH restored a little HP using its Leftovers!</small><br></div><div class="spacer battle-history"><br></div><h2 class="battle-history">Turn 36</h2><div class="chat chatmessage-sonofringo"><strong style="color:#8a8e0e"><small> </small><span class="username" data-name="son_of_ringo">son_of_ringo</span>:</strong> <em>oh it's 100% acc</em></div><div class="spacer battle-history"><br></div><div class="battle-history">The opposing Blissey used <strong>Soft-Boiled</strong>!<br></div><div class="battle-history"><small>The opposing Blissey had its HP restored.</small><br></div><div class="spacer battle-history"><br></div><div class="battle-history">BUSH used <strong>Moonblast</strong>!<br></div><div class="battle-history"><small>(The opposing Blissey lost 44% of its health!)</small><br></div><div class="battle-history"><small>The opposing Blissey's Sp. Atk fell!</small><br></div><div class="spacer battle-history"><br></div><div class="battle-history"><small>BUSH restored a little HP using its Leftovers!</small><br></div><div class="spacer battle-history"><br></div><h2 class="battle-history">Turn 37</h2><div class="chat chatmessage-moof710"><strong style="color:#3086ab"><small>☆</small><span class="username" data-name="moof710">moof710</span>:</strong> <em>oh fuck me lmao</em></div><div class="spacer battle-history"><br></div><div class="battle-history">The opposing Blissey used <strong>Seismic Toss</strong>!<br></div><div class="battle-history"><small>(BUSH lost 24% of its health!)</small><br></div><div class="spacer battle-history"><br></div><div class="battle-history">BUSH used <strong>Moonblast</strong>!<br></div><div class="battle-history"><small>(The opposing Blissey lost 22% of its health!)</small><br></div><div class="spacer battle-history"><br></div><div class="battle-history">The opposing Blissey fainted!<br></div><div class="spacer battle-history"><br></div><div class="battle-history"><small>BUSH restored a little HP using its Leftovers!</small><br></div><div class="chat chatmessage-moof710"><strong style="color:#3086ab"><small>☆</small><span class="username" data-name="moof710">moof710</span>:</strong> <em>im toast damn</em></div><div class="chat"><small> Jmils9 joined</small></div><div class="spacer battle-history"><br></div><div class="battle-history">moof710 sent out <strong>Hydreigon</strong>!<br></div><div class="spacer battle-history"><br></div><h2 class="battle-history">Turn 38</h2><div class="chat chatmessage-jmils9"><strong style="color:#c117bb"><small> </small><span class="username" data-name="Jmils9">Jmils9</span>:</strong> <em>Hydreigon the goat</em></div><div class="chat chatmessage-crystopperpkmn"><strong style="color:#b08245"><small> </small><span class="username" data-name="crystopper_pkmn">crystopper_pkmn</span>:</strong> <em>theres always a chance</em></div><div class="chat chatmessage-mattchumaniac44"><strong style="color:#b3901d"><small> </small><span class="username" data-name="Mattchumaniac44">Mattchumaniac44</span>:</strong> <em>any critters?</em></div><div class="chat chatmessage-notabot1234"><strong style="color:#ba8f0f"><small>☆</small><span class="username" data-name="Notabot1234">Notabot1234</span>:</strong> <em>With my luck</em></div><div class="spacer battle-history"><br></div><div class="battle-history">The opposing Hydreigon used <strong>U-turn</strong>!<br></div><div class="battle-history"><small>It's not very effective...</small><br></div><div class="battle-history"><small>(BUSH lost 7% of its health!)</small><br></div><div class="chat chatmessage-notabot1234"><strong style="color:#ba8f0f"><small>☆</small><span class="username" data-name="Notabot1234">Notabot1234</span>:</strong> <em>Probably</em></div><div class="spacer battle-history"><br></div><div class="battle-history">The opposing Hydreigon went back to moof710!<br></div><div class="battle-history">moof710 sent out <strong>Greninja</strong>!<br></div><div class="spacer battle-history"><br></div><div class="battle-history">BUSH used <strong>Moonblast</strong>!<br></div><div class="battle-history"><small>It's super effective!</small><br></div><div class="battle-history"><small>(The opposing Greninja lost 100% of its health!)</small><br></div><div class="spacer battle-history"><br></div><div class="battle-history">The opposing Greninja fainted!<br></div><div class="spacer battle-history"><br></div><div class="battle-history"><small>BUSH restored a little HP using its Leftovers!</small><br></div><div class="spacer battle-history"><br></div><div class="battle-history">moof710 sent out <strong>Hydreigon</strong>!<br></div><div class="spacer battle-history"><br></div><h2 class="battle-history">Turn 39</h2><div class="spacer battle-history"><br></div><div class="battle-history">The opposing Hydreigon used <strong>Fire Blast</strong>!<br></div><div class="battle-history"><small>(BUSH lost 8% of its health!)</small><br></div><div class="spacer battle-history"><br></div><div class="battle-history">BUSH used <strong>Moonblast</strong>!<br></div><div class="battle-history"><small>It's super effective!</small><br></div><div class="battle-history"><small>(The opposing Hydreigon lost 100% of its health!)</small><br></div><div class="spacer battle-history"><br></div><div class="battle-history">The opposing Hydreigon fainted!<br></div><div class="spacer battle-history"><br></div><div class="battle-history"><strong>Notabot1234</strong> won the battle!<br></div><div class="chat chatmessage-sonofringo"><strong style="color:#8a8e0e"><small> </small><span class="username" data-name="son_of_ringo">son_of_ringo</span>:</strong> <em>gg</em></div><div class="chat chatmessage-thewillager"><strong style="color:#7d923a"><small> </small><span class="username" data-name="TheWillager">TheWillager</span>:</strong> <em>gg</em></div><div class="chat chatmessage-moof710"><strong style="color:#3086ab"><small>☆</small><span class="username" data-name="moof710">moof710</span>:</strong> <em>oooooof</em></div><div class="chat chatmessage-moof710"><strong style="color:#3086ab"><small>☆</small><span class="username" data-name="moof710">moof710</span>:</strong> <em>gg</em></div><div class="chat chatmessage-moof710"><strong style="color:#3086ab"><small>☆</small><span class="username" data-name="moof710">moof710</span>:</strong> <em>gg</em></div><div class="chat chatmessage-joji27"><strong style="color:#b95d46"><small> </small><span class="username" data-name="Joji27">Joji27</span>:</strong> <em>gg</em></div><div class="chat"><small>☆Notabot1234 left</small></div><div class="chat chatmessage-mattchumaniac44"><strong style="color:#b3901d"><small> </small><span class="username" data-name="Mattchumaniac44">Mattchumaniac44</span>:</strong> <em>gg</em></div><div class="chat chatmessage-crystopperpkmn"><strong style="color:#b08245"><small> </small><span class="username" data-name="crystopper_pkmn">crystopper_pkmn</span>:</strong> <em>gg</em></div><div class="chat"><small> Joji27 left</small></div><div class="chat chatmessage-moof710"><strong style="color:#3086ab"><small>☆</small><span class="username" data-name="moof710">moof710</span>:</strong> <em>i need an answer to fair ngl</em></div><div class="chat"><small>☆Notabot1234 joined</small></div><div class="chat chatmessage-moof710"><strong style="color:#3086ab"><small>☆</small><span class="username" data-name="moof710">moof710</span>:</strong> <em>*fairy</em></div><div class="chat chatmessage-notabot1234"><strong style="color:#ba8f0f"><small>☆</small><span class="username" data-name="Notabot1234">Notabot1234</span>:</strong> <em>Gg</em></div><div class="chat chatmessage-notabot1234"><strong style="color:#ba8f0f"><small>☆</small><span class="username" data-name="Notabot1234">Notabot1234</span>:</strong> <em>am srry for leaving before gg</em></div></div><div class="inner-preempt message-log"></div></div></div>
</div>
<script>
let daily = Math.floor(Date.now()/1000/60/60/24);document.write('<script src="https://play.pokemonshowdown.com/js/replay-embed.js?version'+daily+'"></'+'script>');
</script>
