<!DOCTYPE html>
<meta charset="utf-8" />
<!-- version 1 -->
<title>[Gen 6] Draft replay: Notabot1234 vs. ryanmali</title>
<style>
html,body {font-family:Verdana, sans-serif;font-size:10pt;margin:0;padding:0;}body{padding:12px 0;} .battle-log {font-family:Verdana, sans-serif;font-size:10pt;} .battle-log-inline {border:1px solid #AAAAAA;background:#EEF2F5;color:black;max-width:640px;margin:0 auto 80px;padding-bottom:5px;} .battle-log .inner {padding:4px 8px 0px 8px;} .battle-log .inner-preempt {padding:0 8px 4px 8px;} .battle-log .inner-after {margin-top:0.5em;} .battle-log h2 {margin:0.5em -8px;padding:4px 8px;border:1px solid #AAAAAA;background:#E0E7EA;border-left:0;border-right:0;font-family:Verdana, sans-serif;font-size:13pt;} .battle-log .chat {vertical-align:middle;padding:3px 0 3px 0;font-size:8pt;} .battle-log .chat strong {color:#40576A;} .battle-log .chat em {padding:1px 4px 1px 3px;color:#000000;font-style:normal;} .chat.mine {background:rgba(0,0,0,0.05);margin-left:-8px;margin-right:-8px;padding-left:8px;padding-right:8px;} .spoiler {color:#BBBBBB;background:#BBBBBB;padding:0px 3px;} .spoiler:hover, .spoiler:active, .spoiler-shown {color:#000000;background:#E2E2E2;padding:0px 3px;} .spoiler a {color:#BBBBBB;} .spoiler:hover a, .spoiler:active a, .spoiler-shown a {color:#2288CC;} .chat code, .chat .spoiler:hover code, .chat .spoiler:active code, .chat .spoiler-shown code {border:1px solid #C0C0C0;background:#EEEEEE;color:black;padding:0 2px;} .chat .spoiler code {border:1px solid #CCCCCC;background:#CCCCCC;color:#CCCCCC;} .battle-log .rated {padding:3px 4px;} .battle-log .rated strong {color:white;background:#89A;padding:1px 4px;border-radius:4px;} .spacer {margin-top:0.5em;} .message-announce {background:#6688AA;color:white;padding:1px 4px 2px;} .message-announce a, .broadcast-green a, .broadcast-blue a, .broadcast-red a {color:#DDEEFF;} .broadcast-green {background-color:#559955;color:white;padding:2px 4px;} .broadcast-blue {background-color:#6688AA;color:white;padding:2px 4px;} .infobox {border:1px solid #6688AA;padding:2px 4px;} .infobox-limited {max-height:200px;overflow:auto;overflow-x:hidden;} .broadcast-red {background-color:#AA5544;color:white;padding:2px 4px;} .message-learn-canlearn {font-weight:bold;color:#228822;text-decoration:underline;} .message-learn-cannotlearn {font-weight:bold;color:#CC2222;text-decoration:underline;} .message-effect-weak {font-weight:bold;color:#CC2222;} .message-effect-resist {font-weight:bold;color:#6688AA;} .message-effect-immune {font-weight:bold;color:#666666;} .message-learn-list {margin-top:0;margin-bottom:0;} .message-throttle-notice, .message-error {color:#992222;} .message-overflow, .chat small.message-overflow {font-size:0pt;} .message-overflow::before {font-size:9pt;content:'...';} .subtle {color:#3A4A66;}
</style>
<div class="wrapper replay-wrapper" style="max-width:1180px;margin:0 auto">
<input type="hidden" name="replayid" value="gen6draft-2150112301" />
<div class="battle"></div><div class="battle-log"></div><div class="replay-controls"></div><div class="replay-controls-2"></div>
<h1 style="font-weight:normal;text-align:center"><strong>[Gen 6] Draft</strong><br /><a href="http://pokemonshowdown.com/users/notabot1234" class="subtle" target="_blank">Notabot1234</a> vs. <a href="http://pokemonshowdown.com/users/ryanmali" class="subtle" target="_blank">ryanmali</a></h1>
<script type="text/plain" class="battle-log-data">
|j|☆Notabot1234
|j|☆ryanmali
|t:|1719364186
|gametype|singles
|player|p1|Notabot1234|cynthia-gen4|
|player|p2|ryanmali|burglar|
|teamsize|p1|6
|teamsize|p2|6
|gen|6
|tier|[Gen 6] Draft
|rule|Sleep Clause Mod: Limit one foe put to sleep
|rule|OHKO Clause: OHKO moves are banned
|rule|Evasion Clause: Evasion abilities, items, and moves are banned
|rule|Evasion Abilities Clause: Evasion abilities are banned
|rule|Evasion Items Clause: Evasion items are banned
|rule|Evasion Moves Clause: Evasion moves are banned
|rule|Endless Battle Clause: Forcing endless battles is banned
|rule|HP Percentage Mod: HP is shown in percentages
|rule|Moody Clause: Moody is banned
|rule|Swagger Clause: Swagger is banned
|clearpoke
|poke|p1|Tornadus-Therian, M|item
|poke|p1|Aromatisse, F|item
|poke|p1|Blastoise, M|item
|poke|p1|Venusaur, M|item
|poke|p1|Heatran, F|item
|poke|p1|Espeon, M|item
|poke|p2|Keldeo|item
|poke|p2|Florges, F|item
|poke|p2|Ferrothorn, F|item
|poke|p2|Kyurem|item
|poke|p2|Magmortar, F|item
|poke|p2|Meloetta|item
|teampreview
|j| TheWillager
|j| crystopper_pkmn
|j| son_of_ringo
|j| Kaiser Cauto
|c|☆Notabot1234|Your team just looks so much scarier lmao
|j| Mattchumaniac44
|c| son_of_ringo|glhf
|c| son_of_ringo|hyfr
|c|☆Notabot1234|this everybody?
|c|☆ryanmali|lol
|c|☆Notabot1234|alright I haven’t seen anybody else join
|c|☆Notabot1234|you ready ry?
|c|☆ryanmali|yes sir
|c|☆Notabot1234|glhf brother
|
|t:|1719364311
|start
|switch|p1a: I DO PARKOUR|Heatran, F|100\/100
|switch|p2a: Thorn in yah a$$|Ferrothorn, F|100\/100
|turn|1
|
|t:|1719364321
|move|p1a: I DO PARKOUR|Lava Plume|p2a: Thorn in yah a$$
|-supereffective|p2a: Thorn in yah a$$
|-damage|p2a: Thorn in yah a$$|0 fnt
|faint|p2a: Thorn in yah a$$
|
|upkeep
|j| 6utter
|
|t:|1719364351
|switch|p2a: Keldeo|Keldeo|100\/100
|turn|2
|
|t:|1719364356
|switch|p1a: I like turtles|Blastoise, M|100\/100
|move|p2a: Keldeo|Secret Sword|p1a: I like turtles
|-damage|p1a: I like turtles|61\/100
|
|-heal|p1a: I like turtles|67\/100|[from] item: Leftovers
|upkeep
|turn|3
|
|t:|1719364390
|switch|p2a: Melo from deep|Meloetta|100\/100
|move|p1a: I like turtles|Roar|p2a: Melo from deep
|drag|p2a: Florges|Florges, F|100\/100
|
|-heal|p1a: I like turtles|73\/100|[from] item: Leftovers
|upkeep
|turn|4
|
|t:|1719364398
|move|p2a: Florges|Light Screen|p2a: Florges
|-sidestart|p2: ryanmali|move: Light Screen
|move|p1a: I like turtles|Roar|p2a: Florges
|drag|p2a: Magmortar|Magmortar, F|100\/100
|
|-heal|p1a: I like turtles|79\/100|[from] item: Leftovers
|upkeep
|turn|5
|j| Jmils9
|c| Jmils9|WAP WAP WAP WAP WAP
|
|t:|1719364447
|switch|p2a: Melo from deep|Meloetta|100\/100
|switch|p1a: Nice Ron|Aromatisse, F|100\/100
|
|upkeep
|turn|6
|
|t:|1719364483
|move|p2a: Melo from deep|U-turn|p1a: Nice Ron
|-resisted|p1a: Nice Ron
|-damage|p1a: Nice Ron|95\/100
|
|t:|1719364498
|switch|p2a: Magmortar|Magmortar, F|100\/100|[from] U-turn
|move|p1a: Nice Ron|Toxic|p2a: Magmortar
|-status|p2a: Magmortar|tox
|
|-heal|p1a: Nice Ron|100\/100|[from] item: Leftovers
|-damage|p2a: Magmortar|94\/100 tox|[from] psn
|upkeep
|turn|7
|
|t:|1719364536
|move|p1a: Nice Ron|Protect|p1a: Nice Ron
|-singleturn|p1a: Nice Ron|Protect
|move|p2a: Magmortar|Thunderbolt|p1a: Nice Ron
|-activate|p1a: Nice Ron|move: Protect
|
|-damage|p2a: Magmortar|82\/100 tox|[from] psn
|upkeep
|turn|8
|
|t:|1719364543
|switch|p2a: Florges|Florges, F|100\/100
|move|p1a: Nice Ron|Wish|p1a: Nice Ron
|
|-sideend|p2: ryanmali|move: Light Screen
|upkeep
|turn|9
|
|t:|1719364550
|move|p2a: Florges|Heal Bell|p2a: Florges
|-activate|p2a: Florges|move: Heal Bell
|-curestatus|p2: Magmortar|tox|[msg]
|move|p1a: Nice Ron|Toxic|p2a: Florges
|-status|p2a: Florges|tox
|
|-damage|p2a: Florges|94\/100 tox|[from] psn
|upkeep
|turn|10
|
|t:|1719364557
|switch|p1a: I DO PARKOUR|Heatran, F|100\/100
|move|p2a: Florges|Heal Bell|p2a: Florges
|-activate|p2a: Florges|move: Heal Bell
|-curestatus|p2a: Florges|tox|[msg]
|
|-heal|p2a: Florges|100\/100|[from] item: Leftovers
|upkeep
|turn|11
|
|t:|1719364592
|switch|p2a: Melo from deep|Meloetta|100\/100
|move|p1a: I DO PARKOUR|Stealth Rock|p2a: Melo from deep
|-sidestart|p2: ryanmali|move: Stealth Rock
|
|upkeep
|turn|12
|
|t:|1719364660
|switch|p1a: Nice Ron|Aromatisse, F|100\/100
|move|p2a: Melo from deep|U-turn|p1a: Nice Ron
|-resisted|p1a: Nice Ron
|-damage|p1a: Nice Ron|95\/100
|
|t:|1719364677
|switch|p2a: Keldeo|Keldeo|100\/100|[from] U-turn
|-damage|p2a: Keldeo|94\/100|[from] Stealth Rock
|
|-heal|p2a: Keldeo|100\/100|[from] item: Leftovers
|-heal|p1a: Nice Ron|100\/100|[from] item: Leftovers
|upkeep
|turn|13
|
|t:|1719364688
|switch|p2a: Melo from deep|Meloetta|100\/100
|-damage|p2a: Melo from deep|88\/100|[from] Stealth Rock
|switch|p1a: I like turtles|Blastoise, M|79\/100
|
|-heal|p1a: I like turtles|85\/100|[from] item: Leftovers
|upkeep
|turn|14
|
|t:|1719364705
|move|p2a: Melo from deep|Thunderbolt|p1a: I like turtles
|-supereffective|p1a: I like turtles
|-damage|p1a: I like turtles|35\/100
|-status|p1a: I like turtles|par
|move|p1a: I like turtles|Roar|p2a: Melo from deep
|drag|p2a: Keldeo|Keldeo|100\/100
|-damage|p2a: Keldeo|94\/100|[from] Stealth Rock
|
|-heal|p2a: Keldeo|100\/100|[from] item: Leftovers
|-heal|p1a: I like turtles|41\/100 par|[from] item: Leftovers
|upkeep
|turn|15
|l| crystopper_pkmn
|
|t:|1719364732
|switch|p1a: Is that a weed?|Venusaur, M|100\/100
|move|p2a: Keldeo|Secret Sword|p1a: Is that a weed?
|-resisted|p1a: Is that a weed?
|-damage|p1a: Is that a weed?|82\/100
|
|-heal|p1a: Is that a weed?|88\/100|[from] item: Black Sludge
|upkeep
|turn|16
|
|t:|1719364751
|switch|p2a: Melo from deep|Meloetta|88\/100
|-damage|p2a: Melo from deep|76\/100|[from] Stealth Rock
|move|p1a: Is that a weed?|Giga Drain|p2a: Melo from deep
|-damage|p2a: Melo from deep|63\/100
|-heal|p1a: Is that a weed?|95\/100|[from] drain|[of] p2a: Melo from deep
|
|-heal|p1a: Is that a weed?|100\/100|[from] item: Black Sludge
|upkeep
|turn|17
|
|t:|1719364774
|switch|p1a: Nice Ron|Aromatisse, F|100\/100
|move|p2a: Melo from deep|Psychic|p1a: Nice Ron
|-damage|p1a: Nice Ron|63\/100
|
|-heal|p1a: Nice Ron|69\/100|[from] item: Leftovers
|upkeep
|turn|18
|
|t:|1719364788
|move|p2a: Melo from deep|U-turn|p1a: Nice Ron
|-resisted|p1a: Nice Ron
|-damage|p1a: Nice Ron|64\/100
|
|t:|1719364818
|switch|p2a: Florges|Florges, F|100\/100|[from] U-turn
|-damage|p2a: Florges|88\/100|[from] Stealth Rock
|move|p1a: Nice Ron|Heal Bell|p1a: Nice Ron
|-activate|p1a: Nice Ron|move: Heal Bell
|-curestatus|p1: I like turtles|par|[msg]
|
|-heal|p2a: Florges|94\/100|[from] item: Leftovers
|-heal|p1a: Nice Ron|70\/100|[from] item: Leftovers
|upkeep
|turn|19
|
|t:|1719364834
|move|p2a: Florges|Light Screen|p2a: Florges
|-sidestart|p2: ryanmali|move: Light Screen
|move|p1a: Nice Ron|Toxic|p2a: Florges|[miss]
|-miss|p1a: Nice Ron|p2a: Florges
|
|-heal|p2a: Florges|99\/100|[from] item: Leftovers
|-heal|p1a: Nice Ron|76\/100|[from] item: Leftovers
|upkeep
|turn|20
|
|t:|1719364842
|move|p2a: Florges|Wish|p2a: Florges
|move|p1a: Nice Ron|Toxic|p2a: Florges
|-status|p2a: Florges|tox
|
|-heal|p2a: Florges|100\/100 tox|[from] item: Leftovers
|-heal|p1a: Nice Ron|82\/100|[from] item: Leftovers
|-damage|p2a: Florges|94\/100 tox|[from] psn
|upkeep
|turn|21
|
|t:|1719364850
|switch|p2a: Melo from deep|Meloetta|63\/100
|-damage|p2a: Melo from deep|51\/100|[from] Stealth Rock
|switch|p1a: WTF Richard|Tornadus-Therian, M|100\/100
|
|-heal|p2a: Melo from deep|95\/100|[from] move: Wish|[wisher] Florges
|upkeep
|turn|22
|
|t:|1719364872
|switch|p1a: Nice Ron|Aromatisse, F|82\/100
|move|p2a: Melo from deep|Thunderbolt|p1a: Nice Ron
|-damage|p1a: Nice Ron|57\/100
|-status|p1a: Nice Ron|par
|
|-heal|p1a: Nice Ron|63\/100 par|[from] item: Leftovers
|upkeep
|turn|23
|c|☆Notabot1234|Slot machine meloetta
|
|t:|1719364890
|move|p2a: Melo from deep|Psychic|p1a: Nice Ron
|-damage|p1a: Nice Ron|28\/100 par
|move|p1a: Nice Ron|Heal Bell|p1a: Nice Ron
|-activate|p1a: Nice Ron|move: Heal Bell
|-curestatus|p1a: Nice Ron|par|[msg]
|
|-heal|p1a: Nice Ron|35\/100|[from] item: Leftovers
|-sideend|p2: ryanmali|move: Light Screen
|upkeep
|turn|24
|
|t:|1719364911
|switch|p1a: Good boy Remy|Espeon, M|100\/100
|move|p2a: Melo from deep|U-turn|p1a: Good boy Remy
|-supereffective|p1a: Good boy Remy
|-damage|p1a: Good boy Remy|56\/100
|
|t:|1719364950
|switch|p2a: Florges|Florges, F|94\/100 tox|[from] U-turn
|-damage|p2a: Florges|82\/100 tox|[from] Stealth Rock
|
|-heal|p2a: Florges|88\/100 tox|[from] item: Leftovers
|-damage|p2a: Florges|82\/100 tox|[from] psn
|upkeep
|turn|25
|
|t:|1719364959
|switch|p1a: I DO PARKOUR|Heatran, F|100\/100
|move|p2a: Florges|Heal Bell|p2a: Florges
|-activate|p2a: Florges|move: Heal Bell
|-curestatus|p2a: Florges|tox|[msg]
|
|-heal|p2a: Florges|88\/100|[from] item: Leftovers
|upkeep
|turn|26
|
|t:|1719364974
|switch|p2a: Keldeo|Keldeo|100\/100
|-damage|p2a: Keldeo|94\/100|[from] Stealth Rock
|move|p1a: I DO PARKOUR|Taunt|p2a: Keldeo
|-start|p2a: Keldeo|move: Taunt
|
|-heal|p2a: Keldeo|100\/100|[from] item: Leftovers
|upkeep
|turn|27
|
|t:|1719364985
|switch|p1a: Is that a weed?|Venusaur, M|100\/100
|move|p2a: Keldeo|Scald|p1a: Is that a weed?
|-resisted|p1a: Is that a weed?
|-damage|p1a: Is that a weed?|85\/100
|-status|p1a: Is that a weed?|brn
|
|-heal|p1a: Is that a weed?|91\/100 brn|[from] item: Black Sludge
|-damage|p1a: Is that a weed?|78\/100 brn|[from] brn
|upkeep
|turn|28
|
|t:|1719365017
|switch|p2a: Melo from deep|Meloetta|95\/100
|-damage|p2a: Melo from deep|83\/100|[from] Stealth Rock
|move|p1a: Is that a weed?|Giga Drain|p2a: Melo from deep
|-damage|p2a: Melo from deep|71\/100
|-heal|p1a: Is that a weed?|85\/100 brn|[from] drain|[of] p2a: Melo from deep
|
|-heal|p1a: Is that a weed?|91\/100 brn|[from] item: Black Sludge
|-damage|p1a: Is that a weed?|79\/100 brn|[from] brn
|upkeep
|turn|29
|
|t:|1719365030
|switch|p1a: I DO PARKOUR|Heatran, F|100\/100
|move|p2a: Melo from deep|Thunderbolt|p1a: I DO PARKOUR
|-damage|p1a: I DO PARKOUR|72\/100
|
|-heal|p1a: I DO PARKOUR|79\/100|[from] item: Leftovers
|upkeep
|turn|30
|
|t:|1719365069
|move|p1a: I DO PARKOUR|Lava Plume|p2a: Melo from deep
|-damage|p2a: Melo from deep|52\/100
|move|p2a: Melo from deep|U-turn|p1a: I DO PARKOUR
|-resisted|p1a: I DO PARKOUR
|-damage|p1a: I DO PARKOUR|76\/100
|
|t:|1719365078
|switch|p2a: Keldeo|Keldeo|100\/100|[from] U-turn
|-damage|p2a: Keldeo|94\/100|[from] Stealth Rock
|
|-heal|p2a: Keldeo|100\/100|[from] item: Leftovers
|-heal|p1a: I DO PARKOUR|82\/100|[from] item: Leftovers
|upkeep
|turn|31
|
|t:|1719365087
|switch|p1a: Is that a weed?|Venusaur, M|79\/100 brn
|move|p2a: Keldeo|Scald|p1a: Is that a weed?
|-resisted|p1a: Is that a weed?
|-damage|p1a: Is that a weed?|63\/100 brn
|
|-heal|p1a: Is that a weed?|69\/100 brn|[from] item: Black Sludge
|-damage|p1a: Is that a weed?|56\/100 brn|[from] brn
|upkeep
|turn|32
|
|t:|1719365098
|switch|p2a: Florges|Florges, F|88\/100
|-damage|p2a: Florges|75\/100|[from] Stealth Rock
|move|p1a: Is that a weed?|Synthesis|p1a: Is that a weed?
|-heal|p1a: Is that a weed?|100\/100 brn
|
|-heal|p2a: Florges|82\/100|[from] item: Leftovers
|-damage|p1a: Is that a weed?|88\/100 brn|[from] brn
|upkeep
|turn|33
|
|t:|1719365108
|move|p1a: Is that a weed?|Sludge Bomb|p2a: Florges
|-supereffective|p2a: Florges
|-damage|p2a: Florges|42\/100
|move|p2a: Florges|Light Screen|p2a: Florges
|-sidestart|p2: ryanmali|move: Light Screen
|
|-heal|p1a: Is that a weed?|94\/100 brn|[from] item: Black Sludge
|-heal|p2a: Florges|48\/100|[from] item: Leftovers
|-damage|p1a: Is that a weed?|82\/100 brn|[from] brn
|upkeep
|turn|34
|
|t:|1719365129
|switch|p1a: WTF Richard|Tornadus-Therian, M|100\/100
|switch|p2a: Kyurem|Kyurem|100\/100
|-damage|p2a: Kyurem|76\/100|[from] Stealth Rock
|-ability|p2a: Kyurem|Pressure
|
|-heal|p2a: Kyurem|82\/100|[from] item: Leftovers
|upkeep
|turn|35
|
|t:|1719365155
|switch|p1a: I like turtles|Blastoise, M|41\/100
|move|p2a: Kyurem|Substitute|p2a: Kyurem
|-start|p2a: Kyurem|Substitute
|-damage|p2a: Kyurem|57\/100
|
|-heal|p2a: Kyurem|63\/100|[from] item: Leftovers
|-heal|p1a: I like turtles|47\/100|[from] item: Leftovers
|upkeep
|turn|36
|
|t:|1719365171
|move|p2a: Kyurem|Earth Power|p1a: I like turtles
|-damage|p1a: I like turtles|21\/100
|-unboost|p1a: I like turtles|spd|1
|move|p1a: I like turtles|Roar|p2a: Kyurem
|drag|p2a: Florges|Florges, F|48\/100
|-damage|p2a: Florges|35\/100|[from] Stealth Rock
|
|-heal|p1a: I like turtles|27\/100|[from] item: Leftovers
|-heal|p2a: Florges|41\/100|[from] item: Leftovers
|upkeep
|turn|37
|
|t:|1719365182
|switch|p1a: Nice Ron|Aromatisse, F|35\/100
|move|p2a: Florges|Wish|p2a: Florges
|
|-heal|p2a: Florges|47\/100|[from] item: Leftovers
|-heal|p1a: Nice Ron|41\/100|[from] item: Leftovers
|-sideend|p2: ryanmali|move: Light Screen
|upkeep
|turn|38
|
|t:|1719365190
|switch|p2a: Melo from deep|Meloetta|52\/100
|-damage|p2a: Melo from deep|40\/100|[from] Stealth Rock
|move|p1a: Nice Ron|Toxic|p2a: Melo from deep
|-status|p2a: Melo from deep|tox
|
|-heal|p2a: Melo from deep|84\/100 tox|[from] move: Wish|[wisher] Florges
|-heal|p1a: Nice Ron|47\/100|[from] item: Leftovers
|-damage|p2a: Melo from deep|78\/100 tox|[from] psn
|upkeep
|turn|39
|
|t:|1719365201
|move|p2a: Melo from deep|Psychic|p1a: Nice Ron
|-damage|p1a: Nice Ron|10\/100
|move|p1a: Nice Ron|Wish|p1a: Nice Ron
|
|-heal|p1a: Nice Ron|16\/100|[from] item: Leftovers
|-damage|p2a: Melo from deep|66\/100 tox|[from] psn
|upkeep
|turn|40
|
|t:|1719365208
|move|p1a: Nice Ron|Protect|p1a: Nice Ron
|-singleturn|p1a: Nice Ron|Protect
|move|p2a: Melo from deep|Psychic|p1a: Nice Ron
|-activate|p1a: Nice Ron|move: Protect
|
|-heal|p1a: Nice Ron|66\/100|[from] move: Wish|[wisher] Nice Ron
|-heal|p1a: Nice Ron|72\/100|[from] item: Leftovers
|-damage|p2a: Melo from deep|47\/100 tox|[from] psn
|upkeep
|turn|41
|
|t:|1719365221
|switch|p2a: Florges|Florges, F|47\/100
|-damage|p2a: Florges|35\/100|[from] Stealth Rock
|move|p1a: Nice Ron|Wish|p1a: Nice Ron
|
|-heal|p2a: Florges|41\/100|[from] item: Leftovers
|-heal|p1a: Nice Ron|78\/100|[from] item: Leftovers
|upkeep
|turn|42
|
|t:|1719365230
|switch|p1a: WTF Richard|Tornadus-Therian, M|100\/100
|move|p2a: Florges|Heal Bell|p2a: Florges
|-activate|p2a: Florges|move: Heal Bell
|-curestatus|p2: Melo from deep|tox|[msg]
|
|-heal|p2a: Florges|47\/100|[from] item: Leftovers
|upkeep
|turn|43
|c| Jmils9|gotta blast
|
|t:|1719365260
|move|p1a: WTF Richard|Substitute|p1a: WTF Richard
|-start|p1a: WTF Richard|Substitute
|-damage|p1a: WTF Richard|76\/100
|move|p2a: Florges|Wish|p2a: Florges
|
|-heal|p2a: Florges|53\/100|[from] item: Leftovers
|upkeep
|turn|44
|
|t:|1719365277
|switch|p2a: Melo from deep|Meloetta|47\/100
|-damage|p2a: Melo from deep|35\/100|[from] Stealth Rock
|move|p1a: WTF Richard|Superpower|p2a: Melo from deep
|-damage|p2a: Melo from deep|8\/100
|-unboost|p1a: WTF Richard|atk|1
|-unboost|p1a: WTF Richard|def|1
|-enditem|p1a: WTF Richard|White Herb
|-clearnegativeboost|p1a: WTF Richard|[silent]
|
|-heal|p2a: Melo from deep|53\/100|[from] move: Wish|[wisher] Florges
|upkeep
|turn|45
|
|t:|1719365290
|move|p1a: WTF Richard|Bulk Up|p1a: WTF Richard
|-boost|p1a: WTF Richard|atk|1
|-boost|p1a: WTF Richard|def|1
|move|p2a: Melo from deep|Thunderbolt|p1a: WTF Richard
|-supereffective|p1a: WTF Richard
|-end|p1a: WTF Richard|Substitute
|
|upkeep
|turn|46
|
|t:|1719365318
|move|p1a: WTF Richard|Substitute|p1a: WTF Richard
|-start|p1a: WTF Richard|Substitute
|-damage|p1a: WTF Richard|51\/100
|move|p2a: Melo from deep|Thunderbolt|p1a: WTF Richard
|-supereffective|p1a: WTF Richard
|-end|p1a: WTF Richard|Substitute
|
|upkeep
|turn|47
|
|t:|1719365327
|switch|p1a: Is that a weed?|Venusaur, M|82\/100 brn
|move|p2a: Melo from deep|Thunderbolt|p1a: Is that a weed?
|-resisted|p1a: Is that a weed?
|-damage|p1a: Is that a weed?|71\/100 brn
|
|-heal|p1a: Is that a weed?|77\/100 brn|[from] item: Black Sludge
|-damage|p1a: Is that a weed?|65\/100 brn|[from] brn
|upkeep
|turn|48
|
|t:|1719365357
|switch|p1a: Nice Ron|Aromatisse, F|78\/100
|move|p2a: Melo from deep|Psychic|p1a: Nice Ron
|-damage|p1a: Nice Ron|44\/100
|
|-heal|p1a: Nice Ron|50\/100|[from] item: Leftovers
|upkeep
|turn|49
|
|t:|1719365364
|move|p2a: Melo from deep|Psychic|p1a: Nice Ron
|-damage|p1a: Nice Ron|13\/100
|move|p1a: Nice Ron|Toxic|p2a: Melo from deep
|-status|p2a: Melo from deep|tox
|
|-heal|p1a: Nice Ron|19\/100|[from] item: Leftovers
|-damage|p2a: Melo from deep|47\/100 tox|[from] psn
|upkeep
|turn|50
|
|t:|1719365372
|move|p1a: Nice Ron|Protect|p1a: Nice Ron
|-singleturn|p1a: Nice Ron|Protect
|move|p2a: Melo from deep|Psychic|p1a: Nice Ron
|-activate|p1a: Nice Ron|move: Protect
|
|-heal|p1a: Nice Ron|25\/100|[from] item: Leftovers
|-damage|p2a: Melo from deep|34\/100 tox|[from] psn
|upkeep
|turn|51
|
|t:|1719365384
|switch|p1a: I DO PARKOUR|Heatran, F|82\/100
|move|p2a: Melo from deep|Psychic|p1a: I DO PARKOUR
|-resisted|p1a: I DO PARKOUR
|-damage|p1a: I DO PARKOUR|63\/100
|
|-heal|p1a: I DO PARKOUR|69\/100|[from] item: Leftovers
|-damage|p2a: Melo from deep|16\/100 tox|[from] psn
|upkeep
|turn|52
|
|t:|1719365394
|switch|p2a: Keldeo|Keldeo|100\/100
|-damage|p2a: Keldeo|94\/100|[from] Stealth Rock
|move|p1a: I DO PARKOUR|Taunt|p2a: Keldeo
|-start|p2a: Keldeo|move: Taunt
|
|-heal|p2a: Keldeo|100\/100|[from] item: Leftovers
|-heal|p1a: I DO PARKOUR|76\/100|[from] item: Leftovers
|upkeep
|turn|53
|
|t:|1719365408
|switch|p1a: Is that a weed?|Venusaur, M|65\/100 brn
|move|p2a: Keldeo|Icy Wind|p1a: Is that a weed?
|-supereffective|p1a: Is that a weed?
|-damage|p1a: Is that a weed?|36\/100 brn
|-unboost|p1a: Is that a weed?|spe|1
|
|-heal|p1a: Is that a weed?|42\/100 brn|[from] item: Black Sludge
|-damage|p1a: Is that a weed?|30\/100 brn|[from] brn
|upkeep
|turn|54
|
|t:|1719365431
|switch|p2a: Florges|Florges, F|53\/100
|-damage|p2a: Florges|41\/100|[from] Stealth Rock
|move|p1a: Is that a weed?|Giga Drain|p2a: Florges
|-damage|p2a: Florges|17\/100
|-heal|p1a: Is that a weed?|42\/100 brn|[from] drain|[of] p2a: Florges
|
|-heal|p2a: Florges|24\/100|[from] item: Leftovers
|-heal|p1a: Is that a weed?|48\/100 brn|[from] item: Black Sludge
|-damage|p1a: Is that a weed?|35\/100 brn|[from] brn
|upkeep
|turn|55
|
|t:|1719365457
|move|p2a: Florges|Wish|p2a: Florges
|move|p1a: Is that a weed?|Sludge Bomb|p2a: Florges
|-supereffective|p2a: Florges
|-damage|p2a: Florges|0 fnt
|faint|p2a: Florges
|
|-heal|p1a: Is that a weed?|41\/100 brn|[from] item: Black Sludge
|-damage|p1a: Is that a weed?|29\/100 brn|[from] brn
|upkeep
|
|t:|1719365464
|switch|p2a: Melo from deep|Meloetta|16\/100 tox
|-damage|p2a: Melo from deep|3\/100 tox|[from] Stealth Rock
|turn|56
|
|t:|1719365472
|switch|p1a: I DO PARKOUR|Heatran, F|76\/100
|move|p2a: Melo from deep|Psychic|p1a: I DO PARKOUR
|-resisted|p1a: I DO PARKOUR
|-damage|p1a: I DO PARKOUR|55\/100
|
|-heal|p2a: Melo from deep|48\/100 tox|[from] move: Wish|[wisher] Florges
|-heal|p1a: I DO PARKOUR|61\/100|[from] item: Leftovers
|-damage|p2a: Melo from deep|42\/100 tox|[from] psn
|upkeep
|turn|57
|
|t:|1719365488
|switch|p2a: Keldeo|Keldeo|100\/100
|-damage|p2a: Keldeo|94\/100|[from] Stealth Rock
|move|p1a: I DO PARKOUR|Lava Plume|p2a: Keldeo
|-resisted|p2a: Keldeo
|-damage|p2a: Keldeo|74\/100
|
|-heal|p2a: Keldeo|80\/100|[from] item: Leftovers
|-heal|p1a: I DO PARKOUR|67\/100|[from] item: Leftovers
|upkeep
|turn|58
|
|t:|1719365505
|switch|p1a: Is that a weed?|Venusaur, M|29\/100 brn
|move|p2a: Keldeo|Substitute|p2a: Keldeo
|-start|p2a: Keldeo|Substitute
|-damage|p2a: Keldeo|55\/100
|
|-heal|p2a: Keldeo|61\/100|[from] item: Leftovers
|-heal|p1a: Is that a weed?|35\/100 brn|[from] item: Black Sludge
|-damage|p1a: Is that a weed?|23\/100 brn|[from] brn
|upkeep
|turn|59
|
|t:|1719365517
|move|p2a: Keldeo|Icy Wind|p1a: Is that a weed?
|-supereffective|p1a: Is that a weed?
|-damage|p1a: Is that a weed?|0 fnt
|faint|p1a: Is that a weed?
|
|-heal|p2a: Keldeo|67\/100|[from] item: Leftovers
|upkeep
|
|t:|1719365521
|switch|p1a: Good boy Remy|Espeon, M|56\/100
|turn|60
|
|t:|1719365535
|move|p1a: Good boy Remy|Psychic|p2a: Keldeo
|-supereffective|p2a: Keldeo
|-crit|p2a: Keldeo
|-end|p2a: Keldeo|Substitute
|move|p2a: Keldeo|Scald|p1a: Good boy Remy
|-damage|p1a: Good boy Remy|5\/100
|
|-heal|p2a: Keldeo|74\/100|[from] item: Leftovers
|upkeep
|turn|61
|
|t:|1719365558
|switch|p2a: Melo from deep|Meloetta|42\/100 tox
|-damage|p2a: Melo from deep|29\/100 tox|[from] Stealth Rock
|move|p1a: Good boy Remy|Psychic|p2a: Melo from deep
|-resisted|p2a: Melo from deep
|-damage|p2a: Melo from deep|14\/100 tox
|
|-damage|p2a: Melo from deep|8\/100 tox|[from] psn
|upkeep
|turn|62
|
|t:|1719365572
|move|p1a: Good boy Remy|Psychic|p2a: Melo from deep
|-resisted|p2a: Melo from deep
|-damage|p2a: Melo from deep|0 fnt
|faint|p2a: Melo from deep
|
|upkeep
|
|t:|1719365582
|switch|p2a: Magmortar|Magmortar, F|82\/100
|-damage|p2a: Magmortar|57\/100|[from] Stealth Rock
|turn|63
|
|t:|1719365587
|move|p1a: Good boy Remy|Psychic|p2a: Magmortar
|-damage|p2a: Magmortar|0 fnt
|faint|p2a: Magmortar
|
|upkeep
|
|t:|1719365591
|switch|p2a: Kyurem|Kyurem|63\/100
|-damage|p2a: Kyurem|38\/100|[from] Stealth Rock
|-ability|p2a: Kyurem|Pressure
|turn|64
|
|t:|1719365600
|move|p1a: Good boy Remy|Psychic|p2a: Kyurem
|-damage|p2a: Kyurem|0 fnt
|faint|p2a: Kyurem
|
|upkeep
|
|t:|1719365603
|switch|p2a: Keldeo|Keldeo|74\/100
|-damage|p2a: Keldeo|67\/100|[from] Stealth Rock
|turn|65
|c|☆Notabot1234|Good boy remy
|
|t:|1719365609
|move|p1a: Good boy Remy|Psychic|p2a: Keldeo
|-supereffective|p2a: Keldeo
|-damage|p2a: Keldeo|0 fnt
|faint|p2a: Keldeo
|
|win|Notabot1234
|c|☆Notabot1234|Gg ry
|c| Jmils9|gg
|c|☆ryanmali|gg
|c| Mattchumaniac44|wp gg
|c| Kaiser Cauto|gg
|c| TheWillager|gg
|l|☆ryanmali
|player|p2|
|l| Jmils9
|l|☆Notabot1234
|player|p1|
|j|☆Notabot1234
|player|p1|Notabot1234|cynthia-gen4|
|l| TheWillager

</script>
</div>
<div class="battle-log battle-log-inline"><div class="inner"><div class="battle-options"></div><div class="inner message-log"><div class="chat"><small>☆Notabot1234 and ☆ryanmali joined</small></div><div class=""><small>Format:</small> <br><strong>[Gen 6] Draft</strong></div><div class=""><small><em>Sleep Clause Mod:</em> Limit one foe put to sleep</small></div><div class=""><small><em>OHKO Clause:</em> OHKO moves are banned</small></div><div class=""><small><em>Evasion Clause:</em> Evasion abilities, items, and moves are banned</small></div><div class=""><small><em>Evasion Abilities Clause:</em> Evasion abilities are banned</small></div><div class=""><small><em>Evasion Items Clause:</em> Evasion items are banned</small></div><div class=""><small><em>Evasion Moves Clause:</em> Evasion moves are banned</small></div><div class=""><small><em>Endless Battle Clause:</em> Forcing endless battles is banned</small></div><div class=""><small><em>HP Percentage Mod:</em> HP is shown in percentages</small></div><div class=""><small><em>Moody Clause:</em> Moody is banned</small></div><div class=""><small><em>Swagger Clause:</em> Swagger is banned</small></div><div class="chat battle-history"><strong>Notabot1234's team:</strong> <em style="color:#445566;display:block;">Tornadus-Therian / Aromatisse / Blastoise / Venusaur / Heatran / Espeon</em></div><div class="chat battle-history"><strong>ryanmali's team:</strong> <em style="color:#445566;display:block;">Keldeo / Florges / Ferrothorn / Kyurem / Magmortar / Meloetta</em></div><div class="chat"><small> TheWillager,  crystopper_pkmn,  son_of_ringo, and  Kaiser Cauto joined</small></div><div class="chat chatmessage-notabot1234"><strong style="color:#ba8f0f"><small>☆</small><span class="username" data-name="Notabot1234">Notabot1234</span>:</strong> <em>Your team just looks so much scarier lmao</em></div><div class="chat"><small> Mattchumaniac44 joined</small></div><div class="chat chatmessage-sonofringo"><strong style="color:#8a8e0e"><small> </small><span class="username" data-name="son_of_ringo">son_of_ringo</span>:</strong> <em>glhf</em></div><div class="chat chatmessage-sonofringo"><strong style="color:#8a8e0e"><small> </small><span class="username" data-name="son_of_ringo">son_of_ringo</span>:</strong> <em>hyfr</em></div><div class="chat chatmessage-notabot1234"><strong style="color:#ba8f0f"><small>☆</small><span class="username" data-name="Notabot1234">Notabot1234</span>:</strong> <em>this everybody?</em></div><div class="chat chatmessage-ryanmali"><strong style="color:#c5399b"><small>☆</small><span class="username" data-name="ryanmali">ryanmali</span>:</strong> <em>lol</em></div><div class="chat chatmessage-notabot1234"><strong style="color:#ba8f0f"><small>☆</small><span class="username" data-name="Notabot1234">Notabot1234</span>:</strong> <em>alright I haven’t seen anybody else join</em></div><div class="chat chatmessage-notabot1234"><strong style="color:#ba8f0f"><small>☆</small><span class="username" data-name="Notabot1234">Notabot1234</span>:</strong> <em>you ready ry?</em></div><div class="chat chatmessage-ryanmali"><strong style="color:#c5399b"><small>☆</small><span class="username" data-name="ryanmali">ryanmali</span>:</strong> <em>yes sir</em></div><div class="chat chatmessage-notabot1234"><strong style="color:#ba8f0f"><small>☆</small><span class="username" data-name="Notabot1234">Notabot1234</span>:</strong> <em>glhf brother</em></div><div class="spacer battle-history"><br></div><div class="battle-history">Battle started between Notabot1234 and ryanmali!<br></div><div class="spacer battle-history"><br></div><div class="battle-history">Go! I DO PARKOUR (<strong>Heatran</strong>)!<br></div><div class="spacer battle-history"><br></div><div class="battle-history">ryanmali sent out Thorn in yah a$ (<strong>Ferrothorn</strong>)!<br></div><div class="spacer battle-history"><br></div><h2 class="battle-history">Turn 1</h2><div class="spacer battle-history"><br></div><div class="battle-history">I DO PARKOUR used <strong>Lava Plume</strong>!<br></div><div class="battle-history"><small>It's super effective!</small><br></div><div class="battle-history"><small>(The opposing Thorn in yah a$ lost 100% of its health!)</small><br></div><div class="spacer battle-history"><br></div><div class="battle-history">The opposing Thorn in yah a$ fainted!<br></div><div class="chat"><small> 6utter joined</small></div><div class="spacer battle-history"><br></div><div class="battle-history">ryanmali sent out <strong>Keldeo</strong>!<br></div><div class="spacer battle-history"><br></div><h2 class="battle-history">Turn 2</h2><div class="spacer battle-history"><br></div><div class="battle-history">I DO PARKOUR, come back!<br></div><div class="battle-history">Go! I like turtles (<strong>Blastoise</strong>)!<br></div><div class="spacer battle-history"><br></div><div class="battle-history">The opposing Keldeo used <strong>Secret Sword</strong>!<br></div><div class="battle-history"><small>(I like turtles lost 39% of its health!)</small><br></div><div class="spacer battle-history"><br></div><div class="battle-history"><small>I like turtles restored a little HP using its Leftovers!</small><br></div><div class="spacer battle-history"><br></div><h2 class="battle-history">Turn 3</h2><div class="spacer battle-history"><br></div><div class="battle-history">ryanmali withdrew Keldeo!<br></div><div class="battle-history">ryanmali sent out Melo from deep (<strong>Meloetta</strong>)!<br></div><div class="spacer battle-history"><br></div><div class="battle-history">I like turtles used <strong>Roar</strong>!<br></div><div class="spacer battle-history"><br></div><div class="battle-history"><strong>Florges</strong> was dragged out!<br></div><div class="spacer battle-history"><br></div><div class="battle-history"><small>I like turtles restored a little HP using its Leftovers!</small><br></div><div class="spacer battle-history"><br></div><h2 class="battle-history">Turn 4</h2><div class="spacer battle-history"><br></div><div class="battle-history">The opposing Florges used <strong>Light Screen</strong>!<br></div><div class="battle-history"><small>Light Screen made the opposing team stronger against special moves!</small><br></div><div class="spacer battle-history"><br></div><div class="battle-history">I like turtles used <strong>Roar</strong>!<br></div><div class="spacer battle-history"><br></div><div class="battle-history"><strong>Magmortar</strong> was dragged out!<br></div><div class="spacer battle-history"><br></div><div class="battle-history"><small>I like turtles restored a little HP using its Leftovers!</small><br></div><div class="spacer battle-history"><br></div><h2 class="battle-history">Turn 5</h2><div class="chat"><small> Jmils9 joined</small></div><div class="chat chatmessage-jmils9"><strong style="color:#c117bb"><small> </small><span class="username" data-name="Jmils9">Jmils9</span>:</strong> <em>WAP WAP WAP WAP WAP</em></div><div class="spacer battle-history"><br></div><div class="battle-history">ryanmali withdrew Magmortar!<br></div><div class="battle-history">ryanmali sent out Melo from deep (<strong>Meloetta</strong>)!<br></div><div class="spacer battle-history"><br></div><div class="battle-history">I like turtles, come back!<br></div><div class="battle-history">Go! Nice Ron (<strong>Aromatisse</strong>)!<br></div><div class="spacer battle-history"><br></div><h2 class="battle-history">Turn 6</h2><div class="spacer battle-history"><br></div><div class="battle-history">The opposing Melo from deep used <strong>U-turn</strong>!<br></div><div class="battle-history"><small>It's not very effective...</small><br></div><div class="battle-history"><small>(Nice Ron lost 5% of its health!)</small><br></div><div class="spacer battle-history"><br></div><div class="battle-history">The opposing Melo from deep went back to ryanmali!<br></div><div class="battle-history">ryanmali sent out <strong>Magmortar</strong>!<br></div><div class="spacer battle-history"><br></div><div class="battle-history">Nice Ron used <strong>Toxic</strong>!<br></div><div class="battle-history"><small>The opposing Magmortar was badly poisoned!</small><br></div><div class="spacer battle-history"><br></div><div class="battle-history"><small>Nice Ron restored a little HP using its Leftovers!</small><br></div><div class="battle-history"><small>The opposing Magmortar was hurt by poison!</small><br></div><div class="spacer battle-history"><br></div><h2 class="battle-history">Turn 7</h2><div class="spacer battle-history"><br></div><div class="battle-history">Nice Ron used <strong>Protect</strong>!<br></div><div class="battle-history"><small>Nice Ron protected itself!</small><br></div><div class="spacer battle-history"><br></div><div class="battle-history">The opposing Magmortar used <strong>Thunderbolt</strong>!<br></div><div class="battle-history"><small>Nice Ron protected itself!</small><br></div><div class="spacer battle-history"><br></div><div class="battle-history"><small>The opposing Magmortar was hurt by poison!</small><br></div><div class="spacer battle-history"><br></div><h2 class="battle-history">Turn 8</h2><div class="spacer battle-history"><br></div><div class="battle-history">ryanmali withdrew Magmortar!<br></div><div class="battle-history">ryanmali sent out <strong>Florges</strong>!<br></div><div class="spacer battle-history"><br></div><div class="battle-history">Nice Ron used <strong>Wish</strong>!<br></div><div class="spacer battle-history"><br></div><div class="battle-history"><small>The opposing team's Light Screen wore off!</small><br></div><div class="spacer battle-history"><br></div><h2 class="battle-history">Turn 9</h2><div class="spacer battle-history"><br></div><div class="battle-history">The opposing Florges used <strong>Heal Bell</strong>!<br></div><div class="battle-history"><small>A bell chimed!</small><br></div><div class="battle-history"><small>The opposing Magmortar was cured of its poisoning!</small><br></div><div class="spacer battle-history"><br></div><div class="battle-history">Nice Ron used <strong>Toxic</strong>!<br></div><div class="battle-history"><small>The opposing Florges was badly poisoned!</small><br></div><div class="spacer battle-history"><br></div><div class="battle-history"><small>The opposing Florges was hurt by poison!</small><br></div><div class="spacer battle-history"><br></div><h2 class="battle-history">Turn 10</h2><div class="spacer battle-history"><br></div><div class="battle-history">Nice Ron, come back!<br></div><div class="battle-history">Go! I DO PARKOUR (<strong>Heatran</strong>)!<br></div><div class="spacer battle-history"><br></div><div class="battle-history">The opposing Florges used <strong>Heal Bell</strong>!<br></div><div class="battle-history"><small>A bell chimed!</small><br></div><div class="battle-history"><small>The opposing Florges was cured of its poisoning!</small><br></div><div class="spacer battle-history"><br></div><div class="battle-history"><small>The opposing Florges restored a little HP using its Leftovers!</small><br></div><div class="spacer battle-history"><br></div><h2 class="battle-history">Turn 11</h2><div class="spacer battle-history"><br></div><div class="battle-history">ryanmali withdrew Florges!<br></div><div class="battle-history">ryanmali sent out Melo from deep (<strong>Meloetta</strong>)!<br></div><div class="spacer battle-history"><br></div><div class="battle-history">I DO PARKOUR used <strong>Stealth Rock</strong>!<br></div><div class="battle-history"><small>Pointed stones float in the air around the opposing team!</small><br></div><div class="spacer battle-history"><br></div><h2 class="battle-history">Turn 12</h2><div class="spacer battle-history"><br></div><div class="battle-history">I DO PARKOUR, come back!<br></div><div class="battle-history">Go! Nice Ron (<strong>Aromatisse</strong>)!<br></div><div class="spacer battle-history"><br></div><div class="battle-history">The opposing Melo from deep used <strong>U-turn</strong>!<br></div><div class="battle-history"><small>It's not very effective...</small><br></div><div class="battle-history"><small>(Nice Ron lost 5% of its health!)</small><br></div><div class="spacer battle-history"><br></div><div class="battle-history">The opposing Melo from deep went back to ryanmali!<br></div><div class="battle-history">ryanmali sent out <strong>Keldeo</strong>!<br></div><div class="battle-history"><small>Pointed stones dug into the opposing Keldeo!</small><br></div><div class="spacer battle-history"><br></div><div class="battle-history"><small>The opposing Keldeo restored a little HP using its Leftovers!</small><br></div><div class="battle-history"><small>Nice Ron restored a little HP using its Leftovers!</small><br></div><div class="spacer battle-history"><br></div><h2 class="battle-history">Turn 13</h2><div class="spacer battle-history"><br></div><div class="battle-history">ryanmali withdrew Keldeo!<br></div><div class="battle-history">ryanmali sent out Melo from deep (<strong>Meloetta</strong>)!<br></div><div class="battle-history"><small>Pointed stones dug into the opposing Melo from deep!</small><br></div><div class="spacer battle-history"><br></div><div class="battle-history">Nice Ron, come back!<br></div><div class="battle-history">Go! I like turtles (<strong>Blastoise</strong>)!<br></div><div class="spacer battle-history"><br></div><div class="battle-history"><small>I like turtles restored a little HP using its Leftovers!</small><br></div><div class="spacer battle-history"><br></div><h2 class="battle-history">Turn 14</h2><div class="spacer battle-history"><br></div><div class="battle-history">The opposing Melo from deep used <strong>Thunderbolt</strong>!<br></div><div class="battle-history"><small>It's super effective!</small><br></div><div class="battle-history"><small>(I like turtles lost 50% of its health!)</small><br></div><div class="battle-history"><small>I like turtles is paralyzed! It may be unable to move!</small><br></div><div class="spacer battle-history"><br></div><div class="battle-history">I like turtles used <strong>Roar</strong>!<br></div><div class="spacer battle-history"><br></div><div class="battle-history"><strong>Keldeo</strong> was dragged out!<br></div><div class="battle-history"><small>Pointed stones dug into the opposing Keldeo!</small><br></div><div class="spacer battle-history"><br></div><div class="battle-history"><small>The opposing Keldeo restored a little HP using its Leftovers!</small><br></div><div class="battle-history"><small>I like turtles restored a little HP using its Leftovers!</small><br></div><div class="spacer battle-history"><br></div><h2 class="battle-history">Turn 15</h2><div class="chat"><small> crystopper_pkmn left</small></div><div class="spacer battle-history"><br></div><div class="battle-history">I like turtles, come back!<br></div><div class="battle-history">Go! Is that a weed? (<strong>Venusaur</strong>)!<br></div><div class="spacer battle-history"><br></div><div class="battle-history">The opposing Keldeo used <strong>Secret Sword</strong>!<br></div><div class="battle-history"><small>It's not very effective...</small><br></div><div class="battle-history"><small>(Is that a weed? lost 18% of its health!)</small><br></div><div class="spacer battle-history"><br></div><div class="battle-history"><small>Is that a weed? restored a little HP using its Black Sludge!</small><br></div><div class="spacer battle-history"><br></div><h2 class="battle-history">Turn 16</h2><div class="spacer battle-history"><br></div><div class="battle-history">ryanmali withdrew Keldeo!<br></div><div class="battle-history">ryanmali sent out Melo from deep (<strong>Meloetta</strong>)!<br></div><div class="battle-history"><small>Pointed stones dug into the opposing Melo from deep!</small><br></div><div class="spacer battle-history"><br></div><div class="battle-history">Is that a weed? used <strong>Giga Drain</strong>!<br></div><div class="battle-history"><small>(The opposing Melo from deep lost 13% of its health!)</small><br></div><div class="battle-history"><small>The opposing Melo from deep had its energy drained!</small><br></div><div class="spacer battle-history"><br></div><div class="battle-history"><small>Is that a weed? restored a little HP using its Black Sludge!</small><br></div><div class="spacer battle-history"><br></div><h2 class="battle-history">Turn 17</h2><div class="spacer battle-history"><br></div><div class="battle-history">Is that a weed?, come back!<br></div><div class="battle-history">Go! Nice Ron (<strong>Aromatisse</strong>)!<br></div><div class="spacer battle-history"><br></div><div class="battle-history">The opposing Melo from deep used <strong>Psychic</strong>!<br></div><div class="battle-history"><small>(Nice Ron lost 37% of its health!)</small><br></div><div class="spacer battle-history"><br></div><div class="battle-history"><small>Nice Ron restored a little HP using its Leftovers!</small><br></div><div class="spacer battle-history"><br></div><h2 class="battle-history">Turn 18</h2><div class="spacer battle-history"><br></div><div class="battle-history">The opposing Melo from deep used <strong>U-turn</strong>!<br></div><div class="battle-history"><small>It's not very effective...</small><br></div><div class="battle-history"><small>(Nice Ron lost 5% of its health!)</small><br></div><div class="spacer battle-history"><br></div><div class="battle-history">The opposing Melo from deep went back to ryanmali!<br></div><div class="battle-history">ryanmali sent out <strong>Florges</strong>!<br></div><div class="battle-history"><small>Pointed stones dug into the opposing Florges!</small><br></div><div class="spacer battle-history"><br></div><div class="battle-history">Nice Ron used <strong>Heal Bell</strong>!<br></div><div class="battle-history"><small>A bell chimed!</small><br></div><div class="battle-history"><small>I like turtles was cured of paralysis!</small><br></div><div class="spacer battle-history"><br></div><div class="battle-history"><small>The opposing Florges restored a little HP using its Leftovers!</small><br></div><div class="battle-history"><small>Nice Ron restored a little HP using its Leftovers!</small><br></div><div class="spacer battle-history"><br></div><h2 class="battle-history">Turn 19</h2><div class="spacer battle-history"><br></div><div class="battle-history">The opposing Florges used <strong>Light Screen</strong>!<br></div><div class="battle-history"><small>Light Screen made the opposing team stronger against special moves!</small><br></div><div class="spacer battle-history"><br></div><div class="battle-history">Nice Ron used <strong>Toxic</strong>!<br></div><div class="battle-history"><small>The opposing Florges avoided the attack!</small><br></div><div class="spacer battle-history"><br></div><div class="battle-history"><small>The opposing Florges restored a little HP using its Leftovers!</small><br></div><div class="battle-history"><small>Nice Ron restored a little HP using its Leftovers!</small><br></div><div class="spacer battle-history"><br></div><h2 class="battle-history">Turn 20</h2><div class="spacer battle-history"><br></div><div class="battle-history">The opposing Florges used <strong>Wish</strong>!<br></div><div class="spacer battle-history"><br></div><div class="battle-history">Nice Ron used <strong>Toxic</strong>!<br></div><div class="battle-history"><small>The opposing Florges was badly poisoned!</small><br></div><div class="spacer battle-history"><br></div><div class="battle-history"><small>The opposing Florges restored a little HP using its Leftovers!</small><br></div><div class="battle-history"><small>Nice Ron restored a little HP using its Leftovers!</small><br></div><div class="battle-history"><small>The opposing Florges was hurt by poison!</small><br></div><div class="spacer battle-history"><br></div><h2 class="battle-history">Turn 21</h2><div class="spacer battle-history"><br></div><div class="battle-history">ryanmali withdrew Florges!<br></div><div class="battle-history">ryanmali sent out Melo from deep (<strong>Meloetta</strong>)!<br></div><div class="battle-history"><small>Pointed stones dug into the opposing Melo from deep!</small><br></div><div class="spacer battle-history"><br></div><div class="battle-history">Nice Ron, come back!<br></div><div class="battle-history">Go! WTF Richard (<strong>Tornadus-Therian</strong>)!<br></div><div class="spacer battle-history"><br></div><div class="battle-history"><small>Florges's wish came true!</small><br></div><div class="spacer battle-history"><br></div><h2 class="battle-history">Turn 22</h2><div class="spacer battle-history"><br></div><div class="battle-history">WTF Richard, come back!<br></div><div class="battle-history">Go! Nice Ron (<strong>Aromatisse</strong>)!<br></div><div class="spacer battle-history"><br></div><div class="battle-history">The opposing Melo from deep used <strong>Thunderbolt</strong>!<br></div><div class="battle-history"><small>(Nice Ron lost 25% of its health!)</small><br></div><div class="battle-history"><small>Nice Ron is paralyzed! It may be unable to move!</small><br></div><div class="spacer battle-history"><br></div><div class="battle-history"><small>Nice Ron restored a little HP using its Leftovers!</small><br></div><div class="spacer battle-history"><br></div><h2 class="battle-history">Turn 23</h2><div class="chat chatmessage-notabot1234"><strong style="color:#ba8f0f"><small>☆</small><span class="username" data-name="Notabot1234">Notabot1234</span>:</strong> <em>Slot machine meloetta</em></div><div class="spacer battle-history"><br></div><div class="battle-history">The opposing Melo from deep used <strong>Psychic</strong>!<br></div><div class="battle-history"><small>(Nice Ron lost 35% of its health!)</small><br></div><div class="spacer battle-history"><br></div><div class="battle-history">Nice Ron used <strong>Heal Bell</strong>!<br></div><div class="battle-history"><small>A bell chimed!</small><br></div><div class="battle-history"><small>Nice Ron was cured of paralysis!</small><br></div><div class="spacer battle-history"><br></div><div class="battle-history"><small>Nice Ron restored a little HP using its Leftovers!</small><br></div><div class="battle-history"><small>The opposing team's Light Screen wore off!</small><br></div><div class="spacer battle-history"><br></div><h2 class="battle-history">Turn 24</h2><div class="spacer battle-history"><br></div><div class="battle-history">Nice Ron, come back!<br></div><div class="battle-history">Go! Good boy Remy (<strong>Espeon</strong>)!<br></div><div class="spacer battle-history"><br></div><div class="battle-history">The opposing Melo from deep used <strong>U-turn</strong>!<br></div><div class="battle-history"><small>It's super effective!</small><br></div><div class="battle-history"><small>(Good boy Remy lost 44% of its health!)</small><br></div><div class="spacer battle-history"><br></div><div class="battle-history">The opposing Melo from deep went back to ryanmali!<br></div><div class="battle-history">ryanmali sent out <strong>Florges</strong>!<br></div><div class="battle-history"><small>Pointed stones dug into the opposing Florges!</small><br></div><div class="spacer battle-history"><br></div><div class="battle-history"><small>The opposing Florges restored a little HP using its Leftovers!</small><br></div><div class="battle-history"><small>The opposing Florges was hurt by poison!</small><br></div><div class="spacer battle-history"><br></div><h2 class="battle-history">Turn 25</h2><div class="spacer battle-history"><br></div><div class="battle-history">Good boy Remy, come back!<br></div><div class="battle-history">Go! I DO PARKOUR (<strong>Heatran</strong>)!<br></div><div class="spacer battle-history"><br></div><div class="battle-history">The opposing Florges used <strong>Heal Bell</strong>!<br></div><div class="battle-history"><small>A bell chimed!</small><br></div><div class="battle-history"><small>The opposing Florges was cured of its poisoning!</small><br></div><div class="spacer battle-history"><br></div><div class="battle-history"><small>The opposing Florges restored a little HP using its Leftovers!</small><br></div><div class="spacer battle-history"><br></div><h2 class="battle-history">Turn 26</h2><div class="spacer battle-history"><br></div><div class="battle-history">ryanmali withdrew Florges!<br></div><div class="battle-history">ryanmali sent out <strong>Keldeo</strong>!<br></div><div class="battle-history"><small>Pointed stones dug into the opposing Keldeo!</small><br></div><div class="spacer battle-history"><br></div><div class="battle-history">I DO PARKOUR used <strong>Taunt</strong>!<br></div><div class="battle-history"><small>The opposing Keldeo fell for the taunt!</small><br></div><div class="spacer battle-history"><br></div><div class="battle-history"><small>The opposing Keldeo restored a little HP using its Leftovers!</small><br></div><div class="spacer battle-history"><br></div><h2 class="battle-history">Turn 27</h2><div class="spacer battle-history"><br></div><div class="battle-history">I DO PARKOUR, come back!<br></div><div class="battle-history">Go! Is that a weed? (<strong>Venusaur</strong>)!<br></div><div class="spacer battle-history"><br></div><div class="battle-history">The opposing Keldeo used <strong>Scald</strong>!<br></div><div class="battle-history"><small>It's not very effective...</small><br></div><div class="battle-history"><small>(Is that a weed? lost 15% of its health!)</small><br></div><div class="battle-history"><small>Is that a weed? was burned!</small><br></div><div class="spacer battle-history"><br></div><div class="battle-history"><small>Is that a weed? restored a little HP using its Black Sludge!</small><br></div><div class="battle-history"><small>Is that a weed? was hurt by its burn!</small><br></div><div class="spacer battle-history"><br></div><h2 class="battle-history">Turn 28</h2><div class="spacer battle-history"><br></div><div class="battle-history">ryanmali withdrew Keldeo!<br></div><div class="battle-history">ryanmali sent out Melo from deep (<strong>Meloetta</strong>)!<br></div><div class="battle-history"><small>Pointed stones dug into the opposing Melo from deep!</small><br></div><div class="spacer battle-history"><br></div><div class="battle-history">Is that a weed? used <strong>Giga Drain</strong>!<br></div><div class="battle-history"><small>(The opposing Melo from deep lost 12% of its health!)</small><br></div><div class="battle-history"><small>The opposing Melo from deep had its energy drained!</small><br></div><div class="spacer battle-history"><br></div><div class="battle-history"><small>Is that a weed? restored a little HP using its Black Sludge!</small><br></div><div class="battle-history"><small>Is that a weed? was hurt by its burn!</small><br></div><div class="spacer battle-history"><br></div><h2 class="battle-history">Turn 29</h2><div class="spacer battle-history"><br></div><div class="battle-history">Is that a weed?, come back!<br></div><div class="battle-history">Go! I DO PARKOUR (<strong>Heatran</strong>)!<br></div><div class="spacer battle-history"><br></div><div class="battle-history">The opposing Melo from deep used <strong>Thunderbolt</strong>!<br></div><div class="battle-history"><small>(I DO PARKOUR lost 28% of its health!)</small><br></div><div class="spacer battle-history"><br></div><div class="battle-history"><small>I DO PARKOUR restored a little HP using its Leftovers!</small><br></div><div class="spacer battle-history"><br></div><h2 class="battle-history">Turn 30</h2><div class="spacer battle-history"><br></div><div class="battle-history">I DO PARKOUR used <strong>Lava Plume</strong>!<br></div><div class="battle-history"><small>(The opposing Melo from deep lost 19% of its health!)</small><br></div><div class="spacer battle-history"><br></div><div class="battle-history">The opposing Melo from deep used <strong>U-turn</strong>!<br></div><div class="battle-history"><small>It's not very effective...</small><br></div><div class="battle-history"><small>(I DO PARKOUR lost 3% of its health!)</small><br></div><div class="spacer battle-history"><br></div><div class="battle-history">The opposing Melo from deep went back to ryanmali!<br></div><div class="battle-history">ryanmali sent out <strong>Keldeo</strong>!<br></div><div class="battle-history"><small>Pointed stones dug into the opposing Keldeo!</small><br></div><div class="spacer battle-history"><br></div><div class="battle-history"><small>The opposing Keldeo restored a little HP using its Leftovers!</small><br></div><div class="battle-history"><small>I DO PARKOUR restored a little HP using its Leftovers!</small><br></div><div class="spacer battle-history"><br></div><h2 class="battle-history">Turn 31</h2><div class="spacer battle-history"><br></div><div class="battle-history">I DO PARKOUR, come back!<br></div><div class="battle-history">Go! Is that a weed? (<strong>Venusaur</strong>)!<br></div><div class="spacer battle-history"><br></div><div class="battle-history">The opposing Keldeo used <strong>Scald</strong>!<br></div><div class="battle-history"><small>It's not very effective...</small><br></div><div class="battle-history"><small>(Is that a weed? lost 16% of its health!)</small><br></div><div class="spacer battle-history"><br></div><div class="battle-history"><small>Is that a weed? restored a little HP using its Black Sludge!</small><br></div><div class="battle-history"><small>Is that a weed? was hurt by its burn!</small><br></div><div class="spacer battle-history"><br></div><h2 class="battle-history">Turn 32</h2><div class="spacer battle-history"><br></div><div class="battle-history">ryanmali withdrew Keldeo!<br></div><div class="battle-history">ryanmali sent out <strong>Florges</strong>!<br></div><div class="battle-history"><small>Pointed stones dug into the opposing Florges!</small><br></div><div class="spacer battle-history"><br></div><div class="battle-history">Is that a weed? used <strong>Synthesis</strong>!<br></div><div class="battle-history"><small>Is that a weed? had its HP restored.</small><br></div><div class="spacer battle-history"><br></div><div class="battle-history"><small>The opposing Florges restored a little HP using its Leftovers!</small><br></div><div class="battle-history"><small>Is that a weed? was hurt by its burn!</small><br></div><div class="spacer battle-history"><br></div><h2 class="battle-history">Turn 33</h2><div class="spacer battle-history"><br></div><div class="battle-history">Is that a weed? used <strong>Sludge Bomb</strong>!<br></div><div class="battle-history"><small>It's super effective!</small><br></div><div class="battle-history"><small>(The opposing Florges lost 40% of its health!)</small><br></div><div class="spacer battle-history"><br></div><div class="battle-history">The opposing Florges used <strong>Light Screen</strong>!<br></div><div class="battle-history"><small>Light Screen made the opposing team stronger against special moves!</small><br></div><div class="spacer battle-history"><br></div><div class="battle-history"><small>Is that a weed? restored a little HP using its Black Sludge!</small><br></div><div class="battle-history"><small>The opposing Florges restored a little HP using its Leftovers!</small><br></div><div class="battle-history"><small>Is that a weed? was hurt by its burn!</small><br></div><div class="spacer battle-history"><br></div><h2 class="battle-history">Turn 34</h2><div class="spacer battle-history"><br></div><div class="battle-history">Is that a weed?, come back!<br></div><div class="battle-history">Go! WTF Richard (<strong>Tornadus-Therian</strong>)!<br></div><div class="spacer battle-history"><br></div><div class="battle-history">ryanmali withdrew Florges!<br></div><div class="battle-history">ryanmali sent out <strong>Kyurem</strong>!<br></div><div class="battle-history"><small>Pointed stones dug into the opposing Kyurem!</small><br></div><div class="battle-history">[The opposing Kyurem's Pressure]<br><small>The opposing Kyurem is exerting its pressure!</small><br></div><div class="spacer battle-history"><br></div><div class="battle-history"><small>The opposing Kyurem restored a little HP using its Leftovers!</small><br></div><div class="spacer battle-history"><br></div><h2 class="battle-history">Turn 35</h2><div class="spacer battle-history"><br></div><div class="battle-history">WTF Richard, come back!<br></div><div class="battle-history">Go! I like turtles (<strong>Blastoise</strong>)!<br></div><div class="spacer battle-history"><br></div><div class="battle-history">The opposing Kyurem used <strong>Substitute</strong>!<br></div><div class="battle-history"><small>The opposing Kyurem put in a substitute!</small><br></div><div class="battle-history"><small>(The opposing Kyurem lost 25% of its health!)</small><br></div><div class="spacer battle-history"><br></div><div class="battle-history"><small>The opposing Kyurem restored a little HP using its Leftovers!</small><br></div><div class="battle-history"><small>I like turtles restored a little HP using its Leftovers!</small><br></div><div class="spacer battle-history"><br></div><h2 class="battle-history">Turn 36</h2><div class="spacer battle-history"><br></div><div class="battle-history">The opposing Kyurem used <strong>Earth Power</strong>!<br></div><div class="battle-history"><small>(I like turtles lost 26% of its health!)</small><br></div><div class="battle-history"><small>I like turtles's Sp. Def fell!</small><br></div><div class="spacer battle-history"><br></div><div class="battle-history">I like turtles used <strong>Roar</strong>!<br></div><div class="spacer battle-history"><br></div><div class="battle-history"><strong>Florges</strong> was dragged out!<br></div><div class="battle-history"><small>Pointed stones dug into the opposing Florges!</small><br></div><div class="spacer battle-history"><br></div><div class="battle-history"><small>I like turtles restored a little HP using its Leftovers!</small><br></div><div class="battle-history"><small>The opposing Florges restored a little HP using its Leftovers!</small><br></div><div class="spacer battle-history"><br></div><h2 class="battle-history">Turn 37</h2><div class="spacer battle-history"><br></div><div class="battle-history">I like turtles, come back!<br></div><div class="battle-history">Go! Nice Ron (<strong>Aromatisse</strong>)!<br></div><div class="spacer battle-history"><br></div><div class="battle-history">The opposing Florges used <strong>Wish</strong>!<br></div><div class="spacer battle-history"><br></div><div class="battle-history"><small>The opposing Florges restored a little HP using its Leftovers!</small><br></div><div class="battle-history"><small>Nice Ron restored a little HP using its Leftovers!</small><br></div><div class="battle-history"><small>The opposing team's Light Screen wore off!</small><br></div><div class="spacer battle-history"><br></div><h2 class="battle-history">Turn 38</h2><div class="spacer battle-history"><br></div><div class="battle-history">ryanmali withdrew Florges!<br></div><div class="battle-history">ryanmali sent out Melo from deep (<strong>Meloetta</strong>)!<br></div><div class="battle-history"><small>Pointed stones dug into the opposing Melo from deep!</small><br></div><div class="spacer battle-history"><br></div><div class="battle-history">Nice Ron used <strong>Toxic</strong>!<br></div><div class="battle-history"><small>The opposing Melo from deep was badly poisoned!</small><br></div><div class="spacer battle-history"><br></div><div class="battle-history"><small>Florges's wish came true!</small><br></div><div class="battle-history"><small>Nice Ron restored a little HP using its Leftovers!</small><br></div><div class="battle-history"><small>The opposing Melo from deep was hurt by poison!</small><br></div><div class="spacer battle-history"><br></div><h2 class="battle-history">Turn 39</h2><div class="spacer battle-history"><br></div><div class="battle-history">The opposing Melo from deep used <strong>Psychic</strong>!<br></div><div class="battle-history"><small>(Nice Ron lost 37% of its health!)</small><br></div><div class="spacer battle-history"><br></div><div class="battle-history">Nice Ron used <strong>Wish</strong>!<br></div><div class="spacer battle-history"><br></div><div class="battle-history"><small>Nice Ron restored a little HP using its Leftovers!</small><br></div><div class="battle-history"><small>The opposing Melo from deep was hurt by poison!</small><br></div><div class="spacer battle-history"><br></div><h2 class="battle-history">Turn 40</h2><div class="spacer battle-history"><br></div><div class="battle-history">Nice Ron used <strong>Protect</strong>!<br></div><div class="battle-history"><small>Nice Ron protected itself!</small><br></div><div class="spacer battle-history"><br></div><div class="battle-history">The opposing Melo from deep used <strong>Psychic</strong>!<br></div><div class="battle-history"><small>Nice Ron protected itself!</small><br></div><div class="spacer battle-history"><br></div><div class="battle-history"><small>Nice Ron's wish came true!</small><br></div><div class="battle-history"><small>Nice Ron restored a little HP using its Leftovers!</small><br></div><div class="battle-history"><small>The opposing Melo from deep was hurt by poison!</small><br></div><div class="spacer battle-history"><br></div><h2 class="battle-history">Turn 41</h2><div class="spacer battle-history"><br></div><div class="battle-history">ryanmali withdrew Melo from deep!<br></div><div class="battle-history">ryanmali sent out <strong>Florges</strong>!<br></div><div class="battle-history"><small>Pointed stones dug into the opposing Florges!</small><br></div><div class="spacer battle-history"><br></div><div class="battle-history">Nice Ron used <strong>Wish</strong>!<br></div><div class="spacer battle-history"><br></div><div class="battle-history"><small>The opposing Florges restored a little HP using its Leftovers!</small><br></div><div class="battle-history"><small>Nice Ron restored a little HP using its Leftovers!</small><br></div><div class="spacer battle-history"><br></div><h2 class="battle-history">Turn 42</h2><div class="spacer battle-history"><br></div><div class="battle-history">Nice Ron, come back!<br></div><div class="battle-history">Go! WTF Richard (<strong>Tornadus-Therian</strong>)!<br></div><div class="spacer battle-history"><br></div><div class="battle-history">The opposing Florges used <strong>Heal Bell</strong>!<br></div><div class="battle-history"><small>A bell chimed!</small><br></div><div class="battle-history"><small>The opposing Melo from deep was cured of its poisoning!</small><br></div><div class="spacer battle-history"><br></div><div class="battle-history"><small>The opposing Florges restored a little HP using its Leftovers!</small><br></div><div class="spacer battle-history"><br></div><h2 class="battle-history">Turn 43</h2><div class="chat chatmessage-jmils9"><strong style="color:#c117bb"><small> </small><span class="username" data-name="Jmils9">Jmils9</span>:</strong> <em>gotta blast</em></div><div class="spacer battle-history"><br></div><div class="battle-history">WTF Richard used <strong>Substitute</strong>!<br></div><div class="battle-history"><small>WTF Richard put in a substitute!</small><br></div><div class="battle-history"><small>(WTF Richard lost 24% of its health!)</small><br></div><div class="spacer battle-history"><br></div><div class="battle-history">The opposing Florges used <strong>Wish</strong>!<br></div><div class="spacer battle-history"><br></div><div class="battle-history"><small>The opposing Florges restored a little HP using its Leftovers!</small><br></div><div class="spacer battle-history"><br></div><h2 class="battle-history">Turn 44</h2><div class="spacer battle-history"><br></div><div class="battle-history">ryanmali withdrew Florges!<br></div><div class="battle-history">ryanmali sent out Melo from deep (<strong>Meloetta</strong>)!<br></div><div class="battle-history"><small>Pointed stones dug into the opposing Melo from deep!</small><br></div><div class="spacer battle-history"><br></div><div class="battle-history">WTF Richard used <strong>Superpower</strong>!<br></div><div class="battle-history"><small>(The opposing Melo from deep lost 27% of its health!)</small><br></div><div class="battle-history"><small>WTF Richard's Attack fell!</small><br></div><div class="battle-history"><small>WTF Richard's Defense fell!</small><br></div><div class="battle-history"><small>WTF Richard returned its stats to normal using its White Herb!</small><br></div><div class="spacer battle-history"><br></div><div class="battle-history"><small>Florges's wish came true!</small><br></div><div class="spacer battle-history"><br></div><h2 class="battle-history">Turn 45</h2><div class="spacer battle-history"><br></div><div class="battle-history">WTF Richard used <strong>Bulk Up</strong>!<br></div><div class="battle-history"><small>WTF Richard's Attack rose!</small><br></div><div class="battle-history"><small>WTF Richard's Defense rose!</small><br></div><div class="spacer battle-history"><br></div><div class="battle-history">The opposing Melo from deep used <strong>Thunderbolt</strong>!<br></div><div class="battle-history"><small>It's super effective!</small><br></div><div class="battle-history"><small>WTF Richard's substitute faded!</small><br></div><div class="spacer battle-history"><br></div><h2 class="battle-history">Turn 46</h2><div class="spacer battle-history"><br></div><div class="battle-history">WTF Richard used <strong>Substitute</strong>!<br></div><div class="battle-history"><small>WTF Richard put in a substitute!</small><br></div><div class="battle-history"><small>(WTF Richard lost 25% of its health!)</small><br></div><div class="spacer battle-history"><br></div><div class="battle-history">The opposing Melo from deep used <strong>Thunderbolt</strong>!<br></div><div class="battle-history"><small>It's super effective!</small><br></div><div class="battle-history"><small>WTF Richard's substitute faded!</small><br></div><div class="spacer battle-history"><br></div><h2 class="battle-history">Turn 47</h2><div class="spacer battle-history"><br></div><div class="battle-history">WTF Richard, come back!<br></div><div class="battle-history">Go! Is that a weed? (<strong>Venusaur</strong>)!<br></div><div class="spacer battle-history"><br></div><div class="battle-history">The opposing Melo from deep used <strong>Thunderbolt</strong>!<br></div><div class="battle-history"><small>It's not very effective...</small><br></div><div class="battle-history"><small>(Is that a weed? lost 11% of its health!)</small><br></div><div class="spacer battle-history"><br></div><div class="battle-history"><small>Is that a weed? restored a little HP using its Black Sludge!</small><br></div><div class="battle-history"><small>Is that a weed? was hurt by its burn!</small><br></div><div class="spacer battle-history"><br></div><h2 class="battle-history">Turn 48</h2><div class="spacer battle-history"><br></div><div class="battle-history">Is that a weed?, come back!<br></div><div class="battle-history">Go! Nice Ron (<strong>Aromatisse</strong>)!<br></div><div class="spacer battle-history"><br></div><div class="battle-history">The opposing Melo from deep used <strong>Psychic</strong>!<br></div><div class="battle-history"><small>(Nice Ron lost 34% of its health!)</small><br></div><div class="spacer battle-history"><br></div><div class="battle-history"><small>Nice Ron restored a little HP using its Leftovers!</small><br></div><div class="spacer battle-history"><br></div><h2 class="battle-history">Turn 49</h2><div class="spacer battle-history"><br></div><div class="battle-history">The opposing Melo from deep used <strong>Psychic</strong>!<br></div><div class="battle-history"><small>(Nice Ron lost 37% of its health!)</small><br></div><div class="spacer battle-history"><br></div><div class="battle-history">Nice Ron used <strong>Toxic</strong>!<br></div><div class="battle-history"><small>The opposing Melo from deep was badly poisoned!</small><br></div><div class="spacer battle-history"><br></div><div class="battle-history"><small>Nice Ron restored a little HP using its Leftovers!</small><br></div><div class="battle-history"><small>The opposing Melo from deep was hurt by poison!</small><br></div><div class="spacer battle-history"><br></div><h2 class="battle-history">Turn 50</h2><div class="spacer battle-history"><br></div><div class="battle-history">Nice Ron used <strong>Protect</strong>!<br></div><div class="battle-history"><small>Nice Ron protected itself!</small><br></div><div class="spacer battle-history"><br></div><div class="battle-history">The opposing Melo from deep used <strong>Psychic</strong>!<br></div><div class="battle-history"><small>Nice Ron protected itself!</small><br></div><div class="spacer battle-history"><br></div><div class="battle-history"><small>Nice Ron restored a little HP using its Leftovers!</small><br></div><div class="battle-history"><small>The opposing Melo from deep was hurt by poison!</small><br></div><div class="spacer battle-history"><br></div><h2 class="battle-history">Turn 51</h2><div class="spacer battle-history"><br></div><div class="battle-history">Nice Ron, come back!<br></div><div class="battle-history">Go! I DO PARKOUR (<strong>Heatran</strong>)!<br></div><div class="spacer battle-history"><br></div><div class="battle-history">The opposing Melo from deep used <strong>Psychic</strong>!<br></div><div class="battle-history"><small>It's not very effective...</small><br></div><div class="battle-history"><small>(I DO PARKOUR lost 19% of its health!)</small><br></div><div class="spacer battle-history"><br></div><div class="battle-history"><small>I DO PARKOUR restored a little HP using its Leftovers!</small><br></div><div class="battle-history"><small>The opposing Melo from deep was hurt by poison!</small><br></div><div class="spacer battle-history"><br></div><h2 class="battle-history">Turn 52</h2><div class="spacer battle-history"><br></div><div class="battle-history">ryanmali withdrew Melo from deep!<br></div><div class="battle-history">ryanmali sent out <strong>Keldeo</strong>!<br></div><div class="battle-history"><small>Pointed stones dug into the opposing Keldeo!</small><br></div><div class="spacer battle-history"><br></div><div class="battle-history">I DO PARKOUR used <strong>Taunt</strong>!<br></div><div class="battle-history"><small>The opposing Keldeo fell for the taunt!</small><br></div><div class="spacer battle-history"><br></div><div class="battle-history"><small>The opposing Keldeo restored a little HP using its Leftovers!</small><br></div><div class="battle-history"><small>I DO PARKOUR restored a little HP using its Leftovers!</small><br></div><div class="spacer battle-history"><br></div><h2 class="battle-history">Turn 53</h2><div class="spacer battle-history"><br></div><div class="battle-history">I DO PARKOUR, come back!<br></div><div class="battle-history">Go! Is that a weed? (<strong>Venusaur</strong>)!<br></div><div class="spacer battle-history"><br></div><div class="battle-history">The opposing Keldeo used <strong>Icy Wind</strong>!<br></div><div class="battle-history"><small>It's super effective!</small><br></div><div class="battle-history"><small>(Is that a weed? lost 29% of its health!)</small><br></div><div class="battle-history"><small>Is that a weed?'s Speed fell!</small><br></div><div class="spacer battle-history"><br></div><div class="battle-history"><small>Is that a weed? restored a little HP using its Black Sludge!</small><br></div><div class="battle-history"><small>Is that a weed? was hurt by its burn!</small><br></div><div class="spacer battle-history"><br></div><h2 class="battle-history">Turn 54</h2><div class="spacer battle-history"><br></div><div class="battle-history">ryanmali withdrew Keldeo!<br></div><div class="battle-history">ryanmali sent out <strong>Florges</strong>!<br></div><div class="battle-history"><small>Pointed stones dug into the opposing Florges!</small><br></div><div class="spacer battle-history"><br></div><div class="battle-history">Is that a weed? used <strong>Giga Drain</strong>!<br></div><div class="battle-history"><small>(The opposing Florges lost 24% of its health!)</small><br></div><div class="battle-history"><small>The opposing Florges had its energy drained!</small><br></div><div class="spacer battle-history"><br></div><div class="battle-history"><small>The opposing Florges restored a little HP using its Leftovers!</small><br></div><div class="battle-history"><small>Is that a weed? restored a little HP using its Black Sludge!</small><br></div><div class="battle-history"><small>Is that a weed? was hurt by its burn!</small><br></div><div class="spacer battle-history"><br></div><h2 class="battle-history">Turn 55</h2><div class="spacer battle-history"><br></div><div class="battle-history">The opposing Florges used <strong>Wish</strong>!<br></div><div class="spacer battle-history"><br></div><div class="battle-history">Is that a weed? used <strong>Sludge Bomb</strong>!<br></div><div class="battle-history"><small>It's super effective!</small><br></div><div class="battle-history"><small>(The opposing Florges lost 24% of its health!)</small><br></div><div class="spacer battle-history"><br></div><div class="battle-history">The opposing Florges fainted!<br></div><div class="spacer battle-history"><br></div><div class="battle-history"><small>Is that a weed? restored a little HP using its Black Sludge!</small><br></div><div class="battle-history"><small>Is that a weed? was hurt by its burn!</small><br></div><div class="spacer battle-history"><br></div><div class="battle-history">ryanmali sent out Melo from deep (<strong>Meloetta</strong>)!<br></div><div class="battle-history"><small>Pointed stones dug into the opposing Melo from deep!</small><br></div><div class="spacer battle-history"><br></div><h2 class="battle-history">Turn 56</h2><div class="spacer battle-history"><br></div><div class="battle-history">Is that a weed?, come back!<br></div><div class="battle-history">Go! I DO PARKOUR (<strong>Heatran</strong>)!<br></div><div class="spacer battle-history"><br></div><div class="battle-history">The opposing Melo from deep used <strong>Psychic</strong>!<br></div><div class="battle-history"><small>It's not very effective...</small><br></div><div class="battle-history"><small>(I DO PARKOUR lost 21% of its health!)</small><br></div><div class="spacer battle-history"><br></div><div class="battle-history"><small>Florges's wish came true!</small><br></div><div class="battle-history"><small>I DO PARKOUR restored a little HP using its Leftovers!</small><br></div><div class="battle-history"><small>The opposing Melo from deep was hurt by poison!</small><br></div><div class="spacer battle-history"><br></div><h2 class="battle-history">Turn 57</h2><div class="spacer battle-history"><br></div><div class="battle-history">ryanmali withdrew Melo from deep!<br></div><div class="battle-history">ryanmali sent out <strong>Keldeo</strong>!<br></div><div class="battle-history"><small>Pointed stones dug into the opposing Keldeo!</small><br></div><div class="spacer battle-history"><br></div><div class="battle-history">I DO PARKOUR used <strong>Lava Plume</strong>!<br></div><div class="battle-history"><small>It's not very effective...</small><br></div><div class="battle-history"><small>(The opposing Keldeo lost 20% of its health!)</small><br></div><div class="spacer battle-history"><br></div><div class="battle-history"><small>The opposing Keldeo restored a little HP using its Leftovers!</small><br></div><div class="battle-history"><small>I DO PARKOUR restored a little HP using its Leftovers!</small><br></div><div class="spacer battle-history"><br></div><h2 class="battle-history">Turn 58</h2><div class="spacer battle-history"><br></div><div class="battle-history">I DO PARKOUR, come back!<br></div><div class="battle-history">Go! Is that a weed? (<strong>Venusaur</strong>)!<br></div><div class="spacer battle-history"><br></div><div class="battle-history">The opposing Keldeo used <strong>Substitute</strong>!<br></div><div class="battle-history"><small>The opposing Keldeo put in a substitute!</small><br></div><div class="battle-history"><small>(The opposing Keldeo lost 25% of its health!)</small><br></div><div class="spacer battle-history"><br></div><div class="battle-history"><small>The opposing Keldeo restored a little HP using its Leftovers!</small><br></div><div class="battle-history"><small>Is that a weed? restored a little HP using its Black Sludge!</small><br></div><div class="battle-history"><small>Is that a weed? was hurt by its burn!</small><br></div><div class="spacer battle-history"><br></div><h2 class="battle-history">Turn 59</h2><div class="spacer battle-history"><br></div><div class="battle-history">The opposing Keldeo used <strong>Icy Wind</strong>!<br></div><div class="battle-history"><small>It's super effective!</small><br></div><div class="battle-history"><small>(Is that a weed? lost 23% of its health!)</small><br></div><div class="spacer battle-history"><br></div><div class="battle-history">Is that a weed? fainted!<br></div><div class="spacer battle-history"><br></div><div class="battle-history"><small>The opposing Keldeo restored a little HP using its Leftovers!</small><br></div><div class="spacer battle-history"><br></div><div class="battle-history">Go! Good boy Remy (<strong>Espeon</strong>)!<br></div><div class="spacer battle-history"><br></div><h2 class="battle-history">Turn 60</h2><div class="spacer battle-history"><br></div><div class="battle-history">Good boy Remy used <strong>Psychic</strong>!<br></div><div class="battle-history"><small>It's super effective!</small><br></div><div class="battle-history"><small>A critical hit!</small><br></div><div class="battle-history"><small>The opposing Keldeo's substitute faded!</small><br></div><div class="spacer battle-history"><br></div><div class="battle-history">The opposing Keldeo used <strong>Scald</strong>!<br></div><div class="battle-history"><small>(Good boy Remy lost 51% of its health!)</small><br></div><div class="spacer battle-history"><br></div><div class="battle-history"><small>The opposing Keldeo restored a little HP using its Leftovers!</small><br></div><div class="spacer battle-history"><br></div><h2 class="battle-history">Turn 61</h2><div class="spacer battle-history"><br></div><div class="battle-history">ryanmali withdrew Keldeo!<br></div><div class="battle-history">ryanmali sent out Melo from deep (<strong>Meloetta</strong>)!<br></div><div class="battle-history"><small>Pointed stones dug into the opposing Melo from deep!</small><br></div><div class="spacer battle-history"><br></div><div class="battle-history">Good boy Remy used <strong>Psychic</strong>!<br></div><div class="battle-history"><small>It's not very effective...</small><br></div><div class="battle-history"><small>(The opposing Melo from deep lost 15% of its health!)</small><br></div><div class="spacer battle-history"><br></div><div class="battle-history"><small>The opposing Melo from deep was hurt by poison!</small><br></div><div class="spacer battle-history"><br></div><h2 class="battle-history">Turn 62</h2><div class="spacer battle-history"><br></div><div class="battle-history">Good boy Remy used <strong>Psychic</strong>!<br></div><div class="battle-history"><small>It's not very effective...</small><br></div><div class="battle-history"><small>(The opposing Melo from deep lost 8% of its health!)</small><br></div><div class="spacer battle-history"><br></div><div class="battle-history">The opposing Melo from deep fainted!<br></div><div class="spacer battle-history"><br></div><div class="battle-history">ryanmali sent out <strong>Magmortar</strong>!<br></div><div class="battle-history"><small>Pointed stones dug into the opposing Magmortar!</small><br></div><div class="spacer battle-history"><br></div><h2 class="battle-history">Turn 63</h2><div class="spacer battle-history"><br></div><div class="battle-history">Good boy Remy used <strong>Psychic</strong>!<br></div><div class="battle-history"><small>(The opposing Magmortar lost 57% of its health!)</small><br></div><div class="spacer battle-history"><br></div><div class="battle-history">The opposing Magmortar fainted!<br></div><div class="spacer battle-history"><br></div><div class="battle-history">ryanmali sent out <strong>Kyurem</strong>!<br></div><div class="battle-history"><small>Pointed stones dug into the opposing Kyurem!</small><br></div><div class="battle-history">[The opposing Kyurem's Pressure]<br><small>The opposing Kyurem is exerting its pressure!</small><br></div><div class="spacer battle-history"><br></div><h2 class="battle-history">Turn 64</h2><div class="spacer battle-history"><br></div><div class="battle-history">Good boy Remy used <strong>Psychic</strong>!<br></div><div class="battle-history"><small>(The opposing Kyurem lost 38% of its health!)</small><br></div><div class="spacer battle-history"><br></div><div class="battle-history">The opposing Kyurem fainted!<br></div><div class="spacer battle-history"><br></div><div class="battle-history">ryanmali sent out <strong>Keldeo</strong>!<br></div><div class="battle-history"><small>Pointed stones dug into the opposing Keldeo!</small><br></div><div class="spacer battle-history"><br></div><h2 class="battle-history">Turn 65</h2><div class="chat chatmessage-notabot1234"><strong style="color:#ba8f0f"><small>☆</small><span class="username" data-name="Notabot1234">Notabot1234</span>:</strong> <em>Good boy remy</em></div><div class="spacer battle-history"><br></div><div class="battle-history">Good boy Remy used <strong>Psychic</strong>!<br></div><div class="battle-history"><small>It's super effective!</small><br></div><div class="battle-history"><small>(The opposing Keldeo lost 67% of its health!)</small><br></div><div class="spacer battle-history"><br></div><div class="battle-history">The opposing Keldeo fainted!<br></div><div class="spacer battle-history"><br></div><div class="battle-history"><strong>Notabot1234</strong> won the battle!<br></div><div class="chat chatmessage-notabot1234"><strong style="color:#ba8f0f"><small>☆</small><span class="username" data-name="Notabot1234">Notabot1234</span>:</strong> <em>Gg ry</em></div><div class="chat chatmessage-jmils9"><strong style="color:#c117bb"><small> </small><span class="username" data-name="Jmils9">Jmils9</span>:</strong> <em>gg</em></div><div class="chat chatmessage-ryanmali"><strong style="color:#c5399b"><small>☆</small><span class="username" data-name="ryanmali">ryanmali</span>:</strong> <em>gg</em></div><div class="chat chatmessage-mattchumaniac44"><strong style="color:#b3901d"><small> </small><span class="username" data-name="Mattchumaniac44">Mattchumaniac44</span>:</strong> <em>wp gg</em></div><div class="chat chatmessage-kaisercauto"><strong style="color:#d50e6e"><small> </small><span class="username" data-name="Kaiser Cauto">Kaiser Cauto</span>:</strong> <em>gg</em></div><div class="chat chatmessage-thewillager"><strong style="color:#7d923a"><small> </small><span class="username" data-name="TheWillager">TheWillager</span>:</strong> <em>gg</em></div><div class="chat"><small>☆ryanmali left</small></div><div class="chat"><small> Jmils9 and ☆Notabot1234 left</small></div><div class="chat"><small>☆Notabot1234 joined</small></div><div class="chat"><small> TheWillager left</small></div></div><div class="inner-preempt message-log"></div></div></div>
</div>
<script>
let daily = Math.floor(Date.now()/1000/60/60/24);document.write('<script src="https://play.pokemonshowdown.com/js/replay-embed.js?version'+daily+'"></'+'script>');
</script>
