<!DOCTYPE html>
<meta charset="utf-8" />
<!-- version 1 -->
<title>[Gen 6] Draft replay: TheWillager vs. Jmils9</title>
<style>
html,body {font-family:Verdana, sans-serif;font-size:10pt;margin:0;padding:0;}body{padding:12px 0;} .battle-log {font-family:Verdana, sans-serif;font-size:10pt;} .battle-log-inline {border:1px solid #AAAAAA;background:#EEF2F5;color:black;max-width:640px;margin:0 auto 80px;padding-bottom:5px;} .battle-log .inner {padding:4px 8px 0px 8px;} .battle-log .inner-preempt {padding:0 8px 4px 8px;} .battle-log .inner-after {margin-top:0.5em;} .battle-log h2 {margin:0.5em -8px;padding:4px 8px;border:1px solid #AAAAAA;background:#E0E7EA;border-left:0;border-right:0;font-family:Verdana, sans-serif;font-size:13pt;} .battle-log .chat {vertical-align:middle;padding:3px 0 3px 0;font-size:8pt;} .battle-log .chat strong {color:#40576A;} .battle-log .chat em {padding:1px 4px 1px 3px;color:#000000;font-style:normal;} .chat.mine {background:rgba(0,0,0,0.05);margin-left:-8px;margin-right:-8px;padding-left:8px;padding-right:8px;} .spoiler {color:#BBBBBB;background:#BBBBBB;padding:0px 3px;} .spoiler:hover, .spoiler:active, .spoiler-shown {color:#000000;background:#E2E2E2;padding:0px 3px;} .spoiler a {color:#BBBBBB;} .spoiler:hover a, .spoiler:active a, .spoiler-shown a {color:#2288CC;} .chat code, .chat .spoiler:hover code, .chat .spoiler:active code, .chat .spoiler-shown code {border:1px solid #C0C0C0;background:#EEEEEE;color:black;padding:0 2px;} .chat .spoiler code {border:1px solid #CCCCCC;background:#CCCCCC;color:#CCCCCC;} .battle-log .rated {padding:3px 4px;} .battle-log .rated strong {color:white;background:#89A;padding:1px 4px;border-radius:4px;} .spacer {margin-top:0.5em;} .message-announce {background:#6688AA;color:white;padding:1px 4px 2px;} .message-announce a, .broadcast-green a, .broadcast-blue a, .broadcast-red a {color:#DDEEFF;} .broadcast-green {background-color:#559955;color:white;padding:2px 4px;} .broadcast-blue {background-color:#6688AA;color:white;padding:2px 4px;} .infobox {border:1px solid #6688AA;padding:2px 4px;} .infobox-limited {max-height:200px;overflow:auto;overflow-x:hidden;} .broadcast-red {background-color:#AA5544;color:white;padding:2px 4px;} .message-learn-canlearn {font-weight:bold;color:#228822;text-decoration:underline;} .message-learn-cannotlearn {font-weight:bold;color:#CC2222;text-decoration:underline;} .message-effect-weak {font-weight:bold;color:#CC2222;} .message-effect-resist {font-weight:bold;color:#6688AA;} .message-effect-immune {font-weight:bold;color:#666666;} .message-learn-list {margin-top:0;margin-bottom:0;} .message-throttle-notice, .message-error {color:#992222;} .message-overflow, .chat small.message-overflow {font-size:0pt;} .message-overflow::before {font-size:9pt;content:'...';} .subtle {color:#3A4A66;}
</style>
<div class="wrapper replay-wrapper" style="max-width:1180px;margin:0 auto">
<input type="hidden" name="replayid" value="gen6draft-2150125334" />
<div class="battle"></div><div class="battle-log"></div><div class="replay-controls"></div><div class="replay-controls-2"></div>
<h1 style="font-weight:normal;text-align:center"><strong>[Gen 6] Draft</strong><br /><a href="http://pokemonshowdown.com/users/thewillager" class="subtle" target="_blank">TheWillager</a> vs. <a href="http://pokemonshowdown.com/users/jmils9" class="subtle" target="_blank">Jmils9</a></h1>
<script type="text/plain" class="battle-log-data">
|j|☆TheWillager
|j|☆Jmils9
|t:|1719366007
|gametype|singles
|player|p1|TheWillager|acetrainerf|
|player|p2|Jmils9|266|
|teamsize|p1|6
|teamsize|p2|6
|gen|6
|tier|[Gen 6] Draft
|rule|Sleep Clause Mod: Limit one foe put to sleep
|rule|OHKO Clause: OHKO moves are banned
|rule|Evasion Clause: Evasion abilities, items, and moves are banned
|rule|Evasion Abilities Clause: Evasion abilities are banned
|rule|Evasion Items Clause: Evasion items are banned
|rule|Evasion Moves Clause: Evasion moves are banned
|rule|Endless Battle Clause: Forcing endless battles is banned
|rule|HP Percentage Mod: HP is shown in percentages
|rule|Moody Clause: Moody is banned
|rule|Swagger Clause: Swagger is banned
|clearpoke
|poke|p1|Klefki, F|item
|poke|p1|Quagsire, F|item
|poke|p1|Heracross, F|item
|poke|p1|Starmie|item
|poke|p1|Nidoqueen, F|item
|poke|p1|Latias, F|item
|poke|p2|Clefable, M|item
|poke|p2|Salamence, M|item
|poke|p2|Swampert, M|item
|poke|p2|Magneton|item
|poke|p2|Scizor, F|item
|poke|p2|Alakazam, F|item
|teampreview
|j| 6utter
|j| Mattchumaniac44
|j| Kaiser Cauto
|c|☆TheWillager|my heracross isn't shiny QQ
|j| Notabot1234
|c|☆TheWillager|glhf
|c|☆Jmils9|rdy?
|c|☆TheWillager|yuh
|
|t:|1719366116
|start
|switch|p1a: Madoka|Klefki, F|100\/100
|switch|p2a: lesbian xes|Scizor, F|100\/100
|-item|p1a: Madoka|Air Balloon
|turn|1
|c| Notabot1234|Gl boys
|
|t:|1719366181
|move|p1a: Madoka|Spikes|p2a: lesbian xes
|-sidestart|p2: Jmils9|Spikes
|move|p2a: lesbian xes|U-turn|p1a: Madoka
|-resisted|p1a: Madoka
|-damage|p1a: Madoka|94\/100
|-enditem|p1a: Madoka|Air Balloon
|
|t:|1719366191
|switch|p2a: Water boy|Swampert, M|100\/100|[from] U-turn
|-damage|p2a: Water boy|88\/100|[from] Spikes
|
|-heal|p2a: Water boy|94\/100|[from] item: Leftovers
|upkeep
|turn|2
|
|t:|1719366205
|move|p1a: Madoka|Magic Coat|p1a: Madoka
|-singleturn|p1a: Madoka|move: Magic Coat
|move|p2a: Water boy|Stealth Rock|p1a: Madoka
|move|p1a: Madoka|Stealth Rock|p2a: Water boy|[from]Magic Coat
|-sidestart|p2: Jmils9|move: Stealth Rock
|
|-heal|p2a: Water boy|100\/100|[from] item: Leftovers
|upkeep
|turn|3
|c| Notabot1234|WATER SUCKS
|c|☆Jmils9|whatever
|
|t:|1719366255
|move|p1a: Madoka|Spikes|p2a: Water boy
|-sidestart|p2: Jmils9|Spikes
|move|p2a: Water boy|Earthquake|p1a: Madoka
|-supereffective|p1a: Madoka
|-damage|p1a: Madoka|29\/100
|
|upkeep
|turn|4
|
|t:|1719366285
|switch|p1a: Bianca|Latias, F|100\/100
|move|p2a: Water boy|Stealth Rock|p1a: Bianca
|-sidestart|p1: TheWillager|move: Stealth Rock
|
|upkeep
|turn|5
|j| crystopper_pkmn
|
|t:|1719366372
|switch|p2a: I miss granbull|Clefable, M|100\/100
|move|p1a: Bianca|Calm Mind|p1a: Bianca
|-boost|p1a: Bianca|spa|1
|-boost|p1a: Bianca|spd|1
|
|upkeep
|turn|6
|c| Mattchumaniac44|Supreme Drip Bull
|
|t:|1719366405
|move|p1a: Bianca|Calm Mind|p1a: Bianca
|-boost|p1a: Bianca|spa|1
|-boost|p1a: Bianca|spd|1
|move|p2a: I miss granbull|Ice Beam|p1a: Bianca
|-supereffective|p1a: Bianca
|-damage|p1a: Bianca|78\/100
|
|upkeep
|turn|7
|c|☆Jmils9|not good
|c| crystopper_pkmn|Bianca must die
|
|t:|1719366454
|move|p1a: Bianca|Calm Mind|p1a: Bianca
|-boost|p1a: Bianca|spa|1
|-boost|p1a: Bianca|spd|1
|move|p2a: I miss granbull|Moonblast|p1a: Bianca
|-supereffective|p1a: Bianca
|-damage|p1a: Bianca|47\/100
|-unboost|p1a: Bianca|spa|1
|
|upkeep
|turn|8
|
|t:|1719366466
|switch|p2a: Dragonit e|Salamence, M|100\/100
|-damage|p2a: Dragonit e|76\/100|[from] Stealth Rock
|-ability|p2a: Dragonit e|Intimidate|boost
|-unboost|p1a: Bianca|atk|1
|move|p1a: Bianca|Recover|p1a: Bianca
|-heal|p1a: Bianca|97\/100
|
|upkeep
|turn|9
|
|t:|1719366501
|move|p2a: Dragonit e|Draco Meteor|p1a: Bianca
|-supereffective|p1a: Bianca
|-enditem|p1a: Bianca|Haban Berry|[eat]
|-enditem|p1a: Bianca|Haban Berry|[weaken]
|-damage|p1a: Bianca|83\/100
|-unboost|p2a: Dragonit e|spa|2
|move|p1a: Bianca|Psychic|p2a: Dragonit e
|-damage|p2a: Dragonit e|5\/100
|
|upkeep
|turn|10
|c|☆Jmils9|you cheeky
|
|t:|1719366559
|switch|p2a: lesbian xes|Scizor, F|100\/100
|-damage|p2a: lesbian xes|84\/100|[from] Spikes
|-damage|p2a: lesbian xes|72\/100|[from] Stealth Rock
|move|p1a: Bianca|Calm Mind|p1a: Bianca
|-boost|p1a: Bianca|spa|1
|-boost|p1a: Bianca|spd|1
|
|upkeep
|turn|11
|
|t:|1719366574
|move|p1a: Bianca|Draco Meteor|p2a: lesbian xes
|-resisted|p2a: lesbian xes
|-damage|p2a: lesbian xes|10\/100
|-unboost|p1a: Bianca|spa|2
|move|p2a: lesbian xes|Defog|p1a: Bianca
|-unboost|p1a: Bianca|evasion|1
|-sideend|p1: TheWillager|Stealth Rock|[from] move: Defog|[of] p2a: lesbian xes
|-sideend|p2: Jmils9|Spikes|[from] move: Defog|[of] p2a: lesbian xes
|-sideend|p2: Jmils9|Stealth Rock|[from] move: Defog|[of] p2a: lesbian xes
|
|upkeep
|turn|12
|c| crystopper_pkmn|Thats a moveset alright
|
|t:|1719366617
|move|p1a: Bianca|Psychic|p2a: lesbian xes
|-resisted|p2a: lesbian xes
|-damage|p2a: lesbian xes|0 fnt
|faint|p2a: lesbian xes
|
|upkeep
|
|t:|1719366626
|switch|p2a: Dragonit e|Salamence, M|5\/100
|-ability|p2a: Dragonit e|Intimidate|boost
|-unboost|p1a: Bianca|atk|1
|turn|13
|
|t:|1719366661
|move|p2a: Dragonit e|Draco Meteor|p1a: Bianca
|-supereffective|p1a: Bianca
|-damage|p1a: Bianca|62\/100
|-unboost|p2a: Dragonit e|spa|2
|move|p1a: Bianca|Recover|p1a: Bianca
|-heal|p1a: Bianca|100\/100
|
|upkeep
|turn|14
|
|t:|1719366685
|switch|p2a: Water boy|Swampert, M|100\/100
|move|p1a: Bianca|Psychic|p2a: Water boy
|-damage|p2a: Water boy|53\/100
|
|-heal|p2a: Water boy|59\/100|[from] item: Leftovers
|upkeep
|turn|15
|
|t:|1719366700
|move|p1a: Bianca|Draco Meteor|p2a: Water boy
|-damage|p2a: Water boy|0 fnt
|-unboost|p1a: Bianca|spa|2
|faint|p2a: Water boy
|
|upkeep
|
|t:|1719366709
|switch|p2a: I miss granbull|Clefable, M|100\/100
|turn|16
|
|t:|1719366714
|move|p1a: Bianca|Calm Mind|p1a: Bianca
|-boost|p1a: Bianca|spa|1
|-boost|p1a: Bianca|spd|1
|move|p2a: I miss granbull|Calm Mind|p2a: I miss granbull
|-boost|p2a: I miss granbull|spa|1
|-boost|p2a: I miss granbull|spd|1
|
|upkeep
|turn|17
|
|t:|1719366760
|move|p1a: Bianca|Calm Mind|p1a: Bianca
|-boost|p1a: Bianca|spa|1
|-boost|p1a: Bianca|spd|1
|move|p2a: I miss granbull|Calm Mind|p2a: I miss granbull
|-boost|p2a: I miss granbull|spa|1
|-boost|p2a: I miss granbull|spd|1
|
|upkeep
|turn|18
|
|t:|1719366774
|move|p1a: Bianca|Calm Mind|p1a: Bianca
|-boost|p1a: Bianca|spa|1
|-boost|p1a: Bianca|spd|0
|move|p2a: I miss granbull|Calm Mind|p2a: I miss granbull
|-boost|p2a: I miss granbull|spa|1
|-boost|p2a: I miss granbull|spd|1
|
|upkeep
|turn|19
|
|t:|1719366801
|move|p1a: Bianca|Calm Mind|p1a: Bianca
|-boost|p1a: Bianca|spa|1
|-boost|p1a: Bianca|spd|0
|move|p2a: I miss granbull|Calm Mind|p2a: I miss granbull
|-boost|p2a: I miss granbull|spa|1
|-boost|p2a: I miss granbull|spd|1
|
|upkeep
|turn|20
|
|t:|1719366831
|move|p1a: Bianca|Psychic|p2a: I miss granbull
|-damage|p2a: I miss granbull|72\/100
|move|p2a: I miss granbull|Moonblast|p1a: Bianca
|-supereffective|p1a: Bianca
|-damage|p1a: Bianca|43\/100
|
|upkeep
|turn|21
|
|t:|1719366875
|move|p1a: Bianca|Psychic|p2a: I miss granbull
|-damage|p2a: I miss granbull|45\/100
|move|p2a: I miss granbull|Moonblast|p1a: Bianca
|-supereffective|p1a: Bianca
|-damage|p1a: Bianca|0 fnt
|faint|p1a: Bianca
|
|upkeep
|l| crystopper_pkmn
|
|t:|1719366912
|switch|p1a: Aqua|Quagsire, F|100\/100
|turn|22
|
|t:|1719366953
|move|p2a: I miss granbull|Soft-Boiled|p2a: I miss granbull
|-heal|p2a: I miss granbull|95\/100
|move|p1a: Aqua|Haze|p1a: Aqua
|-clearallboost
|
|upkeep
|turn|23
|c|☆Jmils9|lol
|
|t:|1719367020
|move|p2a: I miss granbull|Calm Mind|p2a: I miss granbull
|-boost|p2a: I miss granbull|spa|1
|-boost|p2a: I miss granbull|spd|1
|move|p1a: Aqua|Scald|p2a: I miss granbull
|-damage|p2a: I miss granbull|77\/100
|
|upkeep
|turn|24
|
|t:|1719367033
|move|p2a: I miss granbull|Calm Mind|p2a: I miss granbull
|-boost|p2a: I miss granbull|spa|1
|-boost|p2a: I miss granbull|spd|1
|move|p1a: Aqua|Ice Beam|p2a: I miss granbull
|-damage|p2a: I miss granbull|63\/100
|
|upkeep
|turn|25
|
|t:|1719367040
|move|p2a: I miss granbull|Calm Mind|p2a: I miss granbull
|-boost|p2a: I miss granbull|spa|1
|-boost|p2a: I miss granbull|spd|1
|move|p1a: Aqua|Ice Beam|p2a: I miss granbull
|-damage|p2a: I miss granbull|50\/100
|
|upkeep
|turn|26
|
|t:|1719367045
|move|p2a: I miss granbull|Soft-Boiled|p2a: I miss granbull
|-heal|p2a: I miss granbull|99\/100
|move|p1a: Aqua|Ice Beam|p2a: I miss granbull
|-damage|p2a: I miss granbull|85\/100
|
|upkeep
|turn|27
|j| crystopper_pkmn
|
|t:|1719367051
|move|p2a: I miss granbull|Moonblast|p1a: Aqua
|-damage|p1a: Aqua|37\/100
|-unboost|p1a: Aqua|spa|1
|move|p1a: Aqua|Ice Beam|p2a: I miss granbull
|-damage|p2a: I miss granbull|76\/100
|
|-heal|p1a: Aqua|43\/100|[from] item: Leftovers
|upkeep
|turn|28
|c| crystopper_pkmn|how the turn tables
|
|t:|1719367168
|switch|p1a: Sailor Uranus|Starmie|100\/100
|move|p2a: I miss granbull|Moonblast|p1a: Sailor Uranus
|-damage|p1a: Sailor Uranus|0 fnt
|faint|p1a: Sailor Uranus
|
|upkeep
|
|t:|1719367176
|switch|p1a: Madoka|Klefki, F|29\/100
|turn|29
|
|t:|1719367213
|move|p1a: Madoka|Thunder Wave|p2a: I miss granbull
|-status|p2a: I miss granbull|par
|move|p2a: I miss granbull|Ice Beam|p1a: Madoka
|-resisted|p1a: Madoka
|-damage|p1a: Madoka|0 fnt
|faint|p1a: Madoka
|
|upkeep
|
|t:|1719367220
|switch|p1a: Aqua|Quagsire, F|43\/100
|turn|30
|c|☆Jmils9|wp
|
|t:|1719367232
|move|p1a: Aqua|Haze|p1a: Aqua
|-clearallboost
|move|p2a: I miss granbull|Moonblast|p1a: Aqua
|-damage|p1a: Aqua|0 fnt
|faint|p1a: Aqua
|
|upkeep
|
|t:|1719367239
|switch|p1a: Mt. Lady|Nidoqueen, F|100\/100
|turn|31
|
|t:|1719367291
|switch|p2a: Dragonit e|Salamence, M|5\/100
|-ability|p2a: Dragonit e|Intimidate|boost
|-unboost|p1a: Mt. Lady|atk|1
|move|p1a: Mt. Lady|Sludge Wave|p2a: Dragonit e
|-damage|p2a: Dragonit e|0 fnt
|faint|p2a: Dragonit e
|
|upkeep
|
|t:|1719367307
|switch|p2a: Alakazam|Alakazam, F|100\/100
|turn|32
|
|t:|1719367323
|move|p1a: Mt. Lady|Sucker Punch|p2a: Alakazam
|-supereffective|p2a: Alakazam
|-damage|p2a: Alakazam|36\/100
|-damage|p1a: Mt. Lady|91\/100|[from] item: Life Orb
|move|p2a: Alakazam|Psychic|p1a: Mt. Lady
|-supereffective|p1a: Mt. Lady
|-damage|p1a: Mt. Lady|0 fnt
|faint|p1a: Mt. Lady
|
|upkeep
|
|t:|1719367334
|switch|p1a: Shinobu Kocho|Heracross, F, shiny|100\/100
|turn|33
|c| Notabot1234|Alakazam hungy
|
|t:|1719367379
|move|p1a: Shinobu Kocho|Megahorn|p2a: Alakazam
|-supereffective|p2a: Alakazam
|-damage|p2a: Alakazam|0 fnt
|faint|p2a: Alakazam
|-ability|p1a: Shinobu Kocho|Moxie|boost
|-boost|p1a: Shinobu Kocho|atk|1
|
|upkeep
|
|t:|1719367421
|switch|p2a: Lopunny reddit|Magneton|100\/100
|turn|34
|
|t:|1719367496
|move|p1a: Shinobu Kocho|Megahorn|p2a: Lopunny reddit|[miss]
|-miss|p1a: Shinobu Kocho|p2a: Lopunny reddit
|move|p2a: Lopunny reddit|Thunderbolt|p1a: Shinobu Kocho
|-damage|p1a: Shinobu Kocho|0 fnt
|faint|p1a: Shinobu Kocho
|
|win|Jmils9
|c|☆TheWillager|gg
|c| Notabot1234|gg
|c| crystopper_pkmn|gg
|l| 6utter
|c| Mattchumaniac44|gg
|c|☆Jmils9|gg
|c| Kaiser Cauto|gg
|l| Notabot1234
|j| Notabot1234
|l| Notabot1234
|l|☆Jmils9
|player|p2|

</script>
</div>
<div class="battle-log battle-log-inline"><div class="inner"><div class="battle-options"></div><div class="inner message-log"><div class="chat"><small>☆TheWillager and ☆Jmils9 joined</small></div><div class=""><small>Format:</small> <br><strong>[Gen 6] Draft</strong></div><div class=""><small><em>Sleep Clause Mod:</em> Limit one foe put to sleep</small></div><div class=""><small><em>OHKO Clause:</em> OHKO moves are banned</small></div><div class=""><small><em>Evasion Clause:</em> Evasion abilities, items, and moves are banned</small></div><div class=""><small><em>Evasion Abilities Clause:</em> Evasion abilities are banned</small></div><div class=""><small><em>Evasion Items Clause:</em> Evasion items are banned</small></div><div class=""><small><em>Evasion Moves Clause:</em> Evasion moves are banned</small></div><div class=""><small><em>Endless Battle Clause:</em> Forcing endless battles is banned</small></div><div class=""><small><em>HP Percentage Mod:</em> HP is shown in percentages</small></div><div class=""><small><em>Moody Clause:</em> Moody is banned</small></div><div class=""><small><em>Swagger Clause:</em> Swagger is banned</small></div><div class="chat battle-history"><strong>TheWillager's team:</strong> <em style="color:#445566;display:block;">Klefki / Quagsire / Heracross / Starmie / Nidoqueen / Latias</em></div><div class="chat battle-history"><strong>Jmils9's team:</strong> <em style="color:#445566;display:block;">Clefable / Salamence / Swampert / Magneton / Scizor / Alakazam</em></div><div class="chat"><small> 6utter,  Mattchumaniac44, and  Kaiser Cauto joined</small></div><div class="chat chatmessage-thewillager"><strong style="color:#7d923a"><small>☆</small><span class="username" data-name="TheWillager">TheWillager</span>:</strong> <em>my heracross isn't shiny QQ</em></div><div class="chat"><small> Notabot1234 joined</small></div><div class="chat chatmessage-thewillager"><strong style="color:#7d923a"><small>☆</small><span class="username" data-name="TheWillager">TheWillager</span>:</strong> <em>glhf</em></div><div class="chat chatmessage-jmils9"><strong style="color:#c117bb"><small>☆</small><span class="username" data-name="Jmils9">Jmils9</span>:</strong> <em>rdy?</em></div><div class="chat chatmessage-thewillager"><strong style="color:#7d923a"><small>☆</small><span class="username" data-name="TheWillager">TheWillager</span>:</strong> <em>yuh</em></div><div class="spacer battle-history"><br></div><div class="battle-history">Battle started between TheWillager and Jmils9!<br></div><div class="spacer battle-history"><br></div><div class="battle-history">Go! Madoka (<strong>Klefki</strong>)!<br></div><div class="spacer battle-history"><br></div><div class="battle-history">Jmils9 sent out lesbian xes (<strong>Scizor</strong>)!<br></div><div class="battle-history"><small>Madoka floats in the air with its Air Balloon!</small><br></div><div class="spacer battle-history"><br></div><h2 class="battle-history">Turn 1</h2><div class="chat chatmessage-notabot1234"><strong style="color:#ba8f0f"><small> </small><span class="username" data-name="Notabot1234">Notabot1234</span>:</strong> <em>Gl boys</em></div><div class="spacer battle-history"><br></div><div class="battle-history">Madoka used <strong>Spikes</strong>!<br></div><div class="battle-history"><small>Spikes were scattered on the ground all around the opposing team!</small><br></div><div class="spacer battle-history"><br></div><div class="battle-history">The opposing lesbian xes used <strong>U-turn</strong>!<br></div><div class="battle-history"><small>It's not very effective...</small><br></div><div class="battle-history"><small>(Madoka lost 6% of its health!)</small><br></div><div class="battle-history"><small>Madoka's Air Balloon popped!</small><br></div><div class="spacer battle-history"><br></div><div class="battle-history">The opposing lesbian xes went back to Jmils9!<br></div><div class="battle-history">Jmils9 sent out Water boy (<strong>Swampert</strong>)!<br></div><div class="battle-history"><small>The opposing Water boy was hurt by the spikes!</small><br></div><div class="spacer battle-history"><br></div><div class="battle-history"><small>The opposing Water boy restored a little HP using its Leftovers!</small><br></div><div class="spacer battle-history"><br></div><h2 class="battle-history">Turn 2</h2><div class="spacer battle-history"><br></div><div class="battle-history">Madoka used <strong>Magic Coat</strong>!<br></div><div class="battle-history"><small>Madoka shrouded itself with Magic Coat!</small><br></div><div class="spacer battle-history"><br></div><div class="battle-history">The opposing Water boy used <strong>Stealth Rock</strong>!<br></div><div class="spacer battle-history"><br></div><div class="battle-history">Madoka bounced the Stealth Rock back!<br></div><div class="battle-history"><small>Pointed stones float in the air around the opposing team!</small><br></div><div class="spacer battle-history"><br></div><div class="battle-history"><small>The opposing Water boy restored a little HP using its Leftovers!</small><br></div><div class="spacer battle-history"><br></div><h2 class="battle-history">Turn 3</h2><div class="chat chatmessage-notabot1234"><strong style="color:#ba8f0f"><small> </small><span class="username" data-name="Notabot1234">Notabot1234</span>:</strong> <em>WATER SUCKS</em></div><div class="chat chatmessage-jmils9"><strong style="color:#c117bb"><small>☆</small><span class="username" data-name="Jmils9">Jmils9</span>:</strong> <em>whatever</em></div><div class="spacer battle-history"><br></div><div class="battle-history">Madoka used <strong>Spikes</strong>!<br></div><div class="battle-history"><small>Spikes were scattered on the ground all around the opposing team!</small><br></div><div class="spacer battle-history"><br></div><div class="battle-history">The opposing Water boy used <strong>Earthquake</strong>!<br></div><div class="battle-history"><small>It's super effective!</small><br></div><div class="battle-history"><small>(Madoka lost 65% of its health!)</small><br></div><div class="spacer battle-history"><br></div><h2 class="battle-history">Turn 4</h2><div class="spacer battle-history"><br></div><div class="battle-history">Madoka, come back!<br></div><div class="battle-history">Go! Bianca (<strong>Latias</strong>)!<br></div><div class="spacer battle-history"><br></div><div class="battle-history">The opposing Water boy used <strong>Stealth Rock</strong>!<br></div><div class="battle-history"><small>Pointed stones float in the air around your team!</small><br></div><div class="spacer battle-history"><br></div><h2 class="battle-history">Turn 5</h2><div class="chat"><small> crystopper_pkmn joined</small></div><div class="spacer battle-history"><br></div><div class="battle-history">Jmils9 withdrew Water boy!<br></div><div class="battle-history">Jmils9 sent out I miss granbull (<strong>Clefable</strong>)!<br></div><div class="spacer battle-history"><br></div><div class="battle-history">Bianca used <strong>Calm Mind</strong>!<br></div><div class="battle-history"><small>Bianca's Sp. Atk rose!</small><br></div><div class="battle-history"><small>Bianca's Sp. Def rose!</small><br></div><div class="spacer battle-history"><br></div><h2 class="battle-history">Turn 6</h2><div class="chat chatmessage-mattchumaniac44"><strong style="color:#b3901d"><small> </small><span class="username" data-name="Mattchumaniac44">Mattchumaniac44</span>:</strong> <em>Supreme Drip Bull</em></div><div class="spacer battle-history"><br></div><div class="battle-history">Bianca used <strong>Calm Mind</strong>!<br></div><div class="battle-history"><small>Bianca's Sp. Atk rose!</small><br></div><div class="battle-history"><small>Bianca's Sp. Def rose!</small><br></div><div class="spacer battle-history"><br></div><div class="battle-history">The opposing I miss granbull used <strong>Ice Beam</strong>!<br></div><div class="battle-history"><small>It's super effective!</small><br></div><div class="battle-history"><small>(Bianca lost 22% of its health!)</small><br></div><div class="spacer battle-history"><br></div><h2 class="battle-history">Turn 7</h2><div class="chat chatmessage-jmils9"><strong style="color:#c117bb"><small>☆</small><span class="username" data-name="Jmils9">Jmils9</span>:</strong> <em>not good</em></div><div class="chat chatmessage-crystopperpkmn"><strong style="color:#b08245"><small> </small><span class="username" data-name="crystopper_pkmn">crystopper_pkmn</span>:</strong> <em>Bianca must die</em></div><div class="spacer battle-history"><br></div><div class="battle-history">Bianca used <strong>Calm Mind</strong>!<br></div><div class="battle-history"><small>Bianca's Sp. Atk rose!</small><br></div><div class="battle-history"><small>Bianca's Sp. Def rose!</small><br></div><div class="spacer battle-history"><br></div><div class="battle-history">The opposing I miss granbull used <strong>Moonblast</strong>!<br></div><div class="battle-history"><small>It's super effective!</small><br></div><div class="battle-history"><small>(Bianca lost 31% of its health!)</small><br></div><div class="battle-history"><small>Bianca's Sp. Atk fell!</small><br></div><div class="spacer battle-history"><br></div><h2 class="battle-history">Turn 8</h2><div class="spacer battle-history"><br></div><div class="battle-history">Jmils9 withdrew I miss granbull!<br></div><div class="battle-history">Jmils9 sent out Dragonit e (<strong>Salamence</strong>)!<br></div><div class="battle-history"><small>Pointed stones dug into the opposing Dragonit e!</small><br></div><div class="battle-history">[The opposing Dragonit e's Intimidate]<br></div><div class="battle-history"><small>Bianca's Attack fell!</small><br></div><div class="spacer battle-history"><br></div><div class="battle-history">Bianca used <strong>Recover</strong>!<br></div><div class="battle-history"><small>Bianca had its HP restored.</small><br></div><div class="spacer battle-history"><br></div><h2 class="battle-history">Turn 9</h2><div class="spacer battle-history"><br></div><div class="battle-history">The opposing Dragonit e used <strong>Draco Meteor</strong>!<br></div><div class="battle-history"><small>It's super effective!</small><br></div><div class="battle-history"><small>(Bianca ate its Haban Berry!)</small><br></div><div class="battle-history"><small>The Haban Berry weakened the damage to Bianca!</small><br></div><div class="battle-history"><small>(Bianca lost 14% of its health!)</small><br></div><div class="battle-history"><small>The opposing Dragonit e's Sp. Atk fell harshly!</small><br></div><div class="spacer battle-history"><br></div><div class="battle-history">Bianca used <strong>Psychic</strong>!<br></div><div class="battle-history"><small>(The opposing Dragonit e lost 71% of its health!)</small><br></div><div class="spacer battle-history"><br></div><h2 class="battle-history">Turn 10</h2><div class="chat chatmessage-jmils9"><strong style="color:#c117bb"><small>☆</small><span class="username" data-name="Jmils9">Jmils9</span>:</strong> <em>you cheeky</em></div><div class="spacer battle-history"><br></div><div class="battle-history">Jmils9 withdrew Dragonit e!<br></div><div class="battle-history">Jmils9 sent out lesbian xes (<strong>Scizor</strong>)!<br></div><div class="battle-history"><small>The opposing lesbian xes was hurt by the spikes!</small><br></div><div class="battle-history"><small>Pointed stones dug into the opposing lesbian xes!</small><br></div><div class="spacer battle-history"><br></div><div class="battle-history">Bianca used <strong>Calm Mind</strong>!<br></div><div class="battle-history"><small>Bianca's Sp. Atk rose!</small><br></div><div class="battle-history"><small>Bianca's Sp. Def rose!</small><br></div><div class="spacer battle-history"><br></div><h2 class="battle-history">Turn 11</h2><div class="spacer battle-history"><br></div><div class="battle-history">Bianca used <strong>Draco Meteor</strong>!<br></div><div class="battle-history"><small>It's not very effective...</small><br></div><div class="battle-history"><small>(The opposing lesbian xes lost 62% of its health!)</small><br></div><div class="battle-history"><small>Bianca's Sp. Atk fell harshly!</small><br></div><div class="spacer battle-history"><br></div><div class="battle-history">The opposing lesbian xes used <strong>Defog</strong>!<br></div><div class="battle-history"><small>Bianca's evasiveness fell!</small><br></div><div class="battle-history"><small>The pointed stones disappeared from around your team!</small><br></div><div class="battle-history"><small>The spikes disappeared from the ground around the opposing team!</small><br></div><div class="battle-history"><small>The pointed stones disappeared from around the opposing team!</small><br></div><div class="spacer battle-history"><br></div><h2 class="battle-history">Turn 12</h2><div class="chat chatmessage-crystopperpkmn"><strong style="color:#b08245"><small> </small><span class="username" data-name="crystopper_pkmn">crystopper_pkmn</span>:</strong> <em>Thats a moveset alright</em></div><div class="spacer battle-history"><br></div><div class="battle-history">Bianca used <strong>Psychic</strong>!<br></div><div class="battle-history"><small>It's not very effective...</small><br></div><div class="battle-history"><small>(The opposing lesbian xes lost 10% of its health!)</small><br></div><div class="spacer battle-history"><br></div><div class="battle-history">The opposing lesbian xes fainted!<br></div><div class="spacer battle-history"><br></div><div class="battle-history">Jmils9 sent out Dragonit e (<strong>Salamence</strong>)!<br></div><div class="battle-history">[The opposing Dragonit e's Intimidate]<br></div><div class="battle-history"><small>Bianca's Attack fell!</small><br></div><div class="spacer battle-history"><br></div><h2 class="battle-history">Turn 13</h2><div class="spacer battle-history"><br></div><div class="battle-history">The opposing Dragonit e used <strong>Draco Meteor</strong>!<br></div><div class="battle-history"><small>It's super effective!</small><br></div><div class="battle-history"><small>(Bianca lost 21% of its health!)</small><br></div><div class="battle-history"><small>The opposing Dragonit e's Sp. Atk fell harshly!</small><br></div><div class="spacer battle-history"><br></div><div class="battle-history">Bianca used <strong>Recover</strong>!<br></div><div class="battle-history"><small>Bianca had its HP restored.</small><br></div><div class="spacer battle-history"><br></div><h2 class="battle-history">Turn 14</h2><div class="spacer battle-history"><br></div><div class="battle-history">Jmils9 withdrew Dragonit e!<br></div><div class="battle-history">Jmils9 sent out Water boy (<strong>Swampert</strong>)!<br></div><div class="spacer battle-history"><br></div><div class="battle-history">Bianca used <strong>Psychic</strong>!<br></div><div class="battle-history"><small>(The opposing Water boy lost 47% of its health!)</small><br></div><div class="spacer battle-history"><br></div><div class="battle-history"><small>The opposing Water boy restored a little HP using its Leftovers!</small><br></div><div class="spacer battle-history"><br></div><h2 class="battle-history">Turn 15</h2><div class="spacer battle-history"><br></div><div class="battle-history">Bianca used <strong>Draco Meteor</strong>!<br></div><div class="battle-history"><small>(The opposing Water boy lost 59% of its health!)</small><br></div><div class="battle-history"><small>Bianca's Sp. Atk fell harshly!</small><br></div><div class="spacer battle-history"><br></div><div class="battle-history">The opposing Water boy fainted!<br></div><div class="spacer battle-history"><br></div><div class="battle-history">Jmils9 sent out I miss granbull (<strong>Clefable</strong>)!<br></div><div class="spacer battle-history"><br></div><h2 class="battle-history">Turn 16</h2><div class="spacer battle-history"><br></div><div class="battle-history">Bianca used <strong>Calm Mind</strong>!<br></div><div class="battle-history"><small>Bianca's Sp. Atk rose!</small><br></div><div class="battle-history"><small>Bianca's Sp. Def rose!</small><br></div><div class="spacer battle-history"><br></div><div class="battle-history">The opposing I miss granbull used <strong>Calm Mind</strong>!<br></div><div class="battle-history"><small>The opposing I miss granbull's Sp. Atk rose!</small><br></div><div class="battle-history"><small>The opposing I miss granbull's Sp. Def rose!</small><br></div><div class="spacer battle-history"><br></div><h2 class="battle-history">Turn 17</h2><div class="spacer battle-history"><br></div><div class="battle-history">Bianca used <strong>Calm Mind</strong>!<br></div><div class="battle-history"><small>Bianca's Sp. Atk rose!</small><br></div><div class="battle-history"><small>Bianca's Sp. Def rose!</small><br></div><div class="spacer battle-history"><br></div><div class="battle-history">The opposing I miss granbull used <strong>Calm Mind</strong>!<br></div><div class="battle-history"><small>The opposing I miss granbull's Sp. Atk rose!</small><br></div><div class="battle-history"><small>The opposing I miss granbull's Sp. Def rose!</small><br></div><div class="spacer battle-history"><br></div><h2 class="battle-history">Turn 18</h2><div class="spacer battle-history"><br></div><div class="battle-history">Bianca used <strong>Calm Mind</strong>!<br></div><div class="battle-history"><small>Bianca's Sp. Atk rose!</small><br></div><div class="battle-history"><small>Bianca's Sp. Def won't go any higher!</small><br></div><div class="spacer battle-history"><br></div><div class="battle-history">The opposing I miss granbull used <strong>Calm Mind</strong>!<br></div><div class="battle-history"><small>The opposing I miss granbull's Sp. Atk rose!</small><br></div><div class="battle-history"><small>The opposing I miss granbull's Sp. Def rose!</small><br></div><div class="spacer battle-history"><br></div><h2 class="battle-history">Turn 19</h2><div class="spacer battle-history"><br></div><div class="battle-history">Bianca used <strong>Calm Mind</strong>!<br></div><div class="battle-history"><small>Bianca's Sp. Atk rose!</small><br></div><div class="battle-history"><small>Bianca's Sp. Def won't go any higher!</small><br></div><div class="spacer battle-history"><br></div><div class="battle-history">The opposing I miss granbull used <strong>Calm Mind</strong>!<br></div><div class="battle-history"><small>The opposing I miss granbull's Sp. Atk rose!</small><br></div><div class="battle-history"><small>The opposing I miss granbull's Sp. Def rose!</small><br></div><div class="spacer battle-history"><br></div><h2 class="battle-history">Turn 20</h2><div class="spacer battle-history"><br></div><div class="battle-history">Bianca used <strong>Psychic</strong>!<br></div><div class="battle-history"><small>(The opposing I miss granbull lost 28% of its health!)</small><br></div><div class="spacer battle-history"><br></div><div class="battle-history">The opposing I miss granbull used <strong>Moonblast</strong>!<br></div><div class="battle-history"><small>It's super effective!</small><br></div><div class="battle-history"><small>(Bianca lost 57% of its health!)</small><br></div><div class="spacer battle-history"><br></div><h2 class="battle-history">Turn 21</h2><div class="spacer battle-history"><br></div><div class="battle-history">Bianca used <strong>Psychic</strong>!<br></div><div class="battle-history"><small>(The opposing I miss granbull lost 27% of its health!)</small><br></div><div class="spacer battle-history"><br></div><div class="battle-history">The opposing I miss granbull used <strong>Moonblast</strong>!<br></div><div class="battle-history"><small>It's super effective!</small><br></div><div class="battle-history"><small>(Bianca lost 43% of its health!)</small><br></div><div class="spacer battle-history"><br></div><div class="battle-history">Bianca fainted!<br></div><div class="chat"><small> crystopper_pkmn left</small></div><div class="spacer battle-history"><br></div><div class="battle-history">Go! Aqua (<strong>Quagsire</strong>)!<br></div><div class="spacer battle-history"><br></div><h2 class="battle-history">Turn 22</h2><div class="spacer battle-history"><br></div><div class="battle-history">The opposing I miss granbull used <strong>Soft-Boiled</strong>!<br></div><div class="battle-history"><small>The opposing I miss granbull had its HP restored.</small><br></div><div class="spacer battle-history"><br></div><div class="battle-history">Aqua used <strong>Haze</strong>!<br></div><div class="battle-history"><small>All stat changes were eliminated!</small><br></div><div class="spacer battle-history"><br></div><h2 class="battle-history">Turn 23</h2><div class="chat chatmessage-jmils9"><strong style="color:#c117bb"><small>☆</small><span class="username" data-name="Jmils9">Jmils9</span>:</strong> <em>lol</em></div><div class="spacer battle-history"><br></div><div class="battle-history">The opposing I miss granbull used <strong>Calm Mind</strong>!<br></div><div class="battle-history"><small>The opposing I miss granbull's Sp. Atk rose!</small><br></div><div class="battle-history"><small>The opposing I miss granbull's Sp. Def rose!</small><br></div><div class="spacer battle-history"><br></div><div class="battle-history">Aqua used <strong>Scald</strong>!<br></div><div class="battle-history"><small>(The opposing I miss granbull lost 18% of its health!)</small><br></div><div class="spacer battle-history"><br></div><h2 class="battle-history">Turn 24</h2><div class="spacer battle-history"><br></div><div class="battle-history">The opposing I miss granbull used <strong>Calm Mind</strong>!<br></div><div class="battle-history"><small>The opposing I miss granbull's Sp. Atk rose!</small><br></div><div class="battle-history"><small>The opposing I miss granbull's Sp. Def rose!</small><br></div><div class="spacer battle-history"><br></div><div class="battle-history">Aqua used <strong>Ice Beam</strong>!<br></div><div class="battle-history"><small>(The opposing I miss granbull lost 14% of its health!)</small><br></div><div class="spacer battle-history"><br></div><h2 class="battle-history">Turn 25</h2><div class="spacer battle-history"><br></div><div class="battle-history">The opposing I miss granbull used <strong>Calm Mind</strong>!<br></div><div class="battle-history"><small>The opposing I miss granbull's Sp. Atk rose!</small><br></div><div class="battle-history"><small>The opposing I miss granbull's Sp. Def rose!</small><br></div><div class="spacer battle-history"><br></div><div class="battle-history">Aqua used <strong>Ice Beam</strong>!<br></div><div class="battle-history"><small>(The opposing I miss granbull lost 13% of its health!)</small><br></div><div class="spacer battle-history"><br></div><h2 class="battle-history">Turn 26</h2><div class="spacer battle-history"><br></div><div class="battle-history">The opposing I miss granbull used <strong>Soft-Boiled</strong>!<br></div><div class="battle-history"><small>The opposing I miss granbull had its HP restored.</small><br></div><div class="spacer battle-history"><br></div><div class="battle-history">Aqua used <strong>Ice Beam</strong>!<br></div><div class="battle-history"><small>(The opposing I miss granbull lost 14% of its health!)</small><br></div><div class="spacer battle-history"><br></div><h2 class="battle-history">Turn 27</h2><div class="chat"><small> crystopper_pkmn joined</small></div><div class="spacer battle-history"><br></div><div class="battle-history">The opposing I miss granbull used <strong>Moonblast</strong>!<br></div><div class="battle-history"><small>(Aqua lost 63% of its health!)</small><br></div><div class="battle-history"><small>Aqua's Sp. Atk fell!</small><br></div><div class="spacer battle-history"><br></div><div class="battle-history">Aqua used <strong>Ice Beam</strong>!<br></div><div class="battle-history"><small>(The opposing I miss granbull lost 9% of its health!)</small><br></div><div class="spacer battle-history"><br></div><div class="battle-history"><small>Aqua restored a little HP using its Leftovers!</small><br></div><div class="spacer battle-history"><br></div><h2 class="battle-history">Turn 28</h2><div class="chat chatmessage-crystopperpkmn"><strong style="color:#b08245"><small> </small><span class="username" data-name="crystopper_pkmn">crystopper_pkmn</span>:</strong> <em>how the turn tables</em></div><div class="spacer battle-history"><br></div><div class="battle-history">Aqua, come back!<br></div><div class="battle-history">Go! Sailor Uranus (<strong>Starmie</strong>)!<br></div><div class="spacer battle-history"><br></div><div class="battle-history">The opposing I miss granbull used <strong>Moonblast</strong>!<br></div><div class="battle-history"><small>(Sailor Uranus lost 100% of its health!)</small><br></div><div class="spacer battle-history"><br></div><div class="battle-history">Sailor Uranus fainted!<br></div><div class="spacer battle-history"><br></div><div class="battle-history">Go! Madoka (<strong>Klefki</strong>)!<br></div><div class="spacer battle-history"><br></div><h2 class="battle-history">Turn 29</h2><div class="spacer battle-history"><br></div><div class="battle-history">Madoka used <strong>Thunder Wave</strong>!<br></div><div class="battle-history"><small>The opposing I miss granbull is paralyzed! It may be unable to move!</small><br></div><div class="spacer battle-history"><br></div><div class="battle-history">The opposing I miss granbull used <strong>Ice Beam</strong>!<br></div><div class="battle-history"><small>It's not very effective...</small><br></div><div class="battle-history"><small>(Madoka lost 29% of its health!)</small><br></div><div class="spacer battle-history"><br></div><div class="battle-history">Madoka fainted!<br></div><div class="spacer battle-history"><br></div><div class="battle-history">Go! Aqua (<strong>Quagsire</strong>)!<br></div><div class="spacer battle-history"><br></div><h2 class="battle-history">Turn 30</h2><div class="chat chatmessage-jmils9"><strong style="color:#c117bb"><small>☆</small><span class="username" data-name="Jmils9">Jmils9</span>:</strong> <em>wp</em></div><div class="spacer battle-history"><br></div><div class="battle-history">Aqua used <strong>Haze</strong>!<br></div><div class="battle-history"><small>All stat changes were eliminated!</small><br></div><div class="spacer battle-history"><br></div><div class="battle-history">The opposing I miss granbull used <strong>Moonblast</strong>!<br></div><div class="battle-history"><small>(Aqua lost 43% of its health!)</small><br></div><div class="spacer battle-history"><br></div><div class="battle-history">Aqua fainted!<br></div><div class="spacer battle-history"><br></div><div class="battle-history">Go! Mt. Lady (<strong>Nidoqueen</strong>)!<br></div><div class="spacer battle-history"><br></div><h2 class="battle-history">Turn 31</h2><div class="spacer battle-history"><br></div><div class="battle-history">Jmils9 withdrew I miss granbull!<br></div><div class="battle-history">Jmils9 sent out Dragonit e (<strong>Salamence</strong>)!<br></div><div class="battle-history">[The opposing Dragonit e's Intimidate]<br></div><div class="battle-history"><small>Mt. Lady's Attack fell!</small><br></div><div class="spacer battle-history"><br></div><div class="battle-history">Mt. Lady used <strong>Sludge Wave</strong>!<br></div><div class="battle-history"><small>(The opposing Dragonit e lost 5% of its health!)</small><br></div><div class="spacer battle-history"><br></div><div class="battle-history">The opposing Dragonit e fainted!<br></div><div class="spacer battle-history"><br></div><div class="battle-history">Jmils9 sent out <strong>Alakazam</strong>!<br></div><div class="spacer battle-history"><br></div><h2 class="battle-history">Turn 32</h2><div class="spacer battle-history"><br></div><div class="battle-history">Mt. Lady used <strong>Sucker Punch</strong>!<br></div><div class="battle-history"><small>It's super effective!</small><br></div><div class="battle-history"><small>(The opposing Alakazam lost 64% of its health!)</small><br></div><div class="battle-history"><small>Mt. Lady lost some of its HP!</small><br></div><div class="spacer battle-history"><br></div><div class="battle-history">The opposing Alakazam used <strong>Psychic</strong>!<br></div><div class="battle-history"><small>It's super effective!</small><br></div><div class="battle-history"><small>(Mt. Lady lost 91% of its health!)</small><br></div><div class="spacer battle-history"><br></div><div class="battle-history">Mt. Lady fainted!<br></div><div class="spacer battle-history"><br></div><div class="battle-history">Go! Shinobu Kocho (<strong>Heracross</strong>)!<br></div><div class="spacer battle-history"><br></div><h2 class="battle-history">Turn 33</h2><div class="chat chatmessage-notabot1234"><strong style="color:#ba8f0f"><small> </small><span class="username" data-name="Notabot1234">Notabot1234</span>:</strong> <em>Alakazam hungy</em></div><div class="spacer battle-history"><br></div><div class="battle-history">Shinobu Kocho used <strong>Megahorn</strong>!<br></div><div class="battle-history"><small>It's super effective!</small><br></div><div class="battle-history"><small>(The opposing Alakazam lost 36% of its health!)</small><br></div><div class="spacer battle-history"><br></div><div class="battle-history">The opposing Alakazam fainted!<br></div><div class="battle-history">[Shinobu Kocho's Moxie]<br></div><div class="battle-history"><small>Shinobu Kocho's Attack rose!</small><br></div><div class="spacer battle-history"><br></div><div class="battle-history">Jmils9 sent out Lopunny reddit (<strong>Magneton</strong>)!<br></div><div class="spacer battle-history"><br></div><h2 class="battle-history">Turn 34</h2><div class="spacer battle-history"><br></div><div class="battle-history">Shinobu Kocho used <strong>Megahorn</strong>!<br></div><div class="battle-history"><small>The opposing Lopunny reddit avoided the attack!</small><br></div><div class="spacer battle-history"><br></div><div class="battle-history">The opposing Lopunny reddit used <strong>Thunderbolt</strong>!<br></div><div class="battle-history"><small>(Shinobu Kocho lost 100% of its health!)</small><br></div><div class="spacer battle-history"><br></div><div class="battle-history">Shinobu Kocho fainted!<br></div><div class="spacer battle-history"><br></div><div class="battle-history"><strong>Jmils9</strong> won the battle!<br></div><div class="chat chatmessage-thewillager"><strong style="color:#7d923a"><small>☆</small><span class="username" data-name="TheWillager">TheWillager</span>:</strong> <em>gg</em></div><div class="chat chatmessage-notabot1234"><strong style="color:#ba8f0f"><small> </small><span class="username" data-name="Notabot1234">Notabot1234</span>:</strong> <em>gg</em></div><div class="chat chatmessage-crystopperpkmn"><strong style="color:#b08245"><small> </small><span class="username" data-name="crystopper_pkmn">crystopper_pkmn</span>:</strong> <em>gg</em></div><div class="chat"><small> 6utter left</small></div><div class="chat chatmessage-mattchumaniac44"><strong style="color:#b3901d"><small> </small><span class="username" data-name="Mattchumaniac44">Mattchumaniac44</span>:</strong> <em>gg</em></div><div class="chat chatmessage-jmils9"><strong style="color:#c117bb"><small>☆</small><span class="username" data-name="Jmils9">Jmils9</span>:</strong> <em>gg</em></div><div class="chat chatmessage-kaisercauto"><strong style="color:#d50e6e"><small> </small><span class="username" data-name="Kaiser Cauto">Kaiser Cauto</span>:</strong> <em>gg</em></div><div class="chat"><small> Notabot1234 and ☆Jmils9 left</small></div></div><div class="inner-preempt message-log"></div></div></div>
</div>
<script>
let daily = Math.floor(Date.now()/1000/60/60/24);document.write('<script src="https://play.pokemonshowdown.com/js/replay-embed.js?version'+daily+'"></'+'script>');
</script>
