<!DOCTYPE html>
<meta charset="utf-8" />
<!-- version 1 -->
<title>[Gen 6] Draft replay: Kaiser Cauto vs. Bman5422</title>
<style>
html,body {font-family:Verdana, sans-serif;font-size:10pt;margin:0;padding:0;}body{padding:12px 0;} .battle-log {font-family:Verdana, sans-serif;font-size:10pt;} .battle-log-inline {border:1px solid #AAAAAA;background:#EEF2F5;color:black;max-width:640px;margin:0 auto 80px;padding-bottom:5px;} .battle-log .inner {padding:4px 8px 0px 8px;} .battle-log .inner-preempt {padding:0 8px 4px 8px;} .battle-log .inner-after {margin-top:0.5em;} .battle-log h2 {margin:0.5em -8px;padding:4px 8px;border:1px solid #AAAAAA;background:#E0E7EA;border-left:0;border-right:0;font-family:Verdana, sans-serif;font-size:13pt;} .battle-log .chat {vertical-align:middle;padding:3px 0 3px 0;font-size:8pt;} .battle-log .chat strong {color:#40576A;} .battle-log .chat em {padding:1px 4px 1px 3px;color:#000000;font-style:normal;} .chat.mine {background:rgba(0,0,0,0.05);margin-left:-8px;margin-right:-8px;padding-left:8px;padding-right:8px;} .spoiler {color:#BBBBBB;background:#BBBBBB;padding:0px 3px;} .spoiler:hover, .spoiler:active, .spoiler-shown {color:#000000;background:#E2E2E2;padding:0px 3px;} .spoiler a {color:#BBBBBB;} .spoiler:hover a, .spoiler:active a, .spoiler-shown a {color:#2288CC;} .chat code, .chat .spoiler:hover code, .chat .spoiler:active code, .chat .spoiler-shown code {border:1px solid #C0C0C0;background:#EEEEEE;color:black;padding:0 2px;} .chat .spoiler code {border:1px solid #CCCCCC;background:#CCCCCC;color:#CCCCCC;} .battle-log .rated {padding:3px 4px;} .battle-log .rated strong {color:white;background:#89A;padding:1px 4px;border-radius:4px;} .spacer {margin-top:0.5em;} .message-announce {background:#6688AA;color:white;padding:1px 4px 2px;} .message-announce a, .broadcast-green a, .broadcast-blue a, .broadcast-red a {color:#DDEEFF;} .broadcast-green {background-color:#559955;color:white;padding:2px 4px;} .broadcast-blue {background-color:#6688AA;color:white;padding:2px 4px;} .infobox {border:1px solid #6688AA;padding:2px 4px;} .infobox-limited {max-height:200px;overflow:auto;overflow-x:hidden;} .broadcast-red {background-color:#AA5544;color:white;padding:2px 4px;} .message-learn-canlearn {font-weight:bold;color:#228822;text-decoration:underline;} .message-learn-cannotlearn {font-weight:bold;color:#CC2222;text-decoration:underline;} .message-effect-weak {font-weight:bold;color:#CC2222;} .message-effect-resist {font-weight:bold;color:#6688AA;} .message-effect-immune {font-weight:bold;color:#666666;} .message-learn-list {margin-top:0;margin-bottom:0;} .message-throttle-notice, .message-error {color:#992222;} .message-overflow, .chat small.message-overflow {font-size:0pt;} .message-overflow::before {font-size:9pt;content:'...';} .subtle {color:#3A4A66;}
</style>
<div class="wrapper replay-wrapper" style="max-width:1180px;margin:0 auto">
<input type="hidden" name="replayid" value="gen6draft-2135141787" />
<div class="battle"></div><div class="battle-log"></div><div class="replay-controls"></div><div class="replay-controls-2"></div>
<h1 style="font-weight:normal;text-align:center"><strong>[Gen 6] Draft</strong><br /><a href="http://pokemonshowdown.com/users/kaisercauto" class="subtle" target="_blank">Kaiser Cauto</a> vs. <a href="http://pokemonshowdown.com/users/bman5422" class="subtle" target="_blank">Bman5422</a></h1>
<script type="text/plain" class="battle-log-data">
|j|☆Kaiser Cauto
|j|☆Bman5422
|t:|1717290352
|gametype|singles
|player|p1|Kaiser Cauto|ruinmaniac|
|player|p2|Bman5422|firebreather|
|teamsize|p1|6
|teamsize|p2|6
|gen|6
|tier|[Gen 6] Draft
|rule|Sleep Clause Mod: Limit one foe put to sleep
|rule|OHKO Clause: OHKO moves are banned
|rule|Evasion Clause: Evasion abilities, items, and moves are banned
|rule|Evasion Abilities Clause: Evasion abilities are banned
|rule|Evasion Items Clause: Evasion items are banned
|rule|Evasion Moves Clause: Evasion moves are banned
|rule|Endless Battle Clause: Forcing endless battles is banned
|rule|HP Percentage Mod: HP is shown in percentages
|rule|Moody Clause: Moody is banned
|rule|Swagger Clause: Swagger is banned
|clearpoke
|poke|p1|Serperior, F|item
|poke|p1|Thundurus-Therian, M|item
|poke|p1|Suicune|item
|poke|p1|Snorlax, M|item
|poke|p1|Bronzong|item
|poke|p1|Ditto|item
|poke|p2|Dragonite, F|item
|poke|p2|Galvantula, M|item
|poke|p2|Empoleon, F|item
|poke|p2|Entei|item
|poke|p2|Lucario, M|item
|poke|p2|Tangrowth, M|item
|teampreview
|j| crystopper_pkmn
|j| Notabot1234
|c| Notabot1234|Half turnt at a wedding
|c| Notabot1234|gl boiz
|j| TheWillager
|c| crystopper_pkmn|gl
|c|☆Kaiser Cauto|good luck bman
|j| seto slima
|c|☆Bman5422|Good luck!!
|
|t:|1717290443
|start
|switch|p1a: Thunderstruck|Thundurus-Therian, M|100\/100
|switch|p2a: Entei|Entei, shiny|100\/100
|-ability|p2a: Entei|Pressure
|turn|1
|
|t:|1717290464
|switch|p1a: Night Prowler|Suicune|100\/100
|-ability|p1a: Night Prowler|Pressure
|move|p2a: Entei|Sacred Fire|p1a: Night Prowler
|-resisted|p1a: Night Prowler
|-damage|p1a: Night Prowler|76\/100
|-status|p1a: Night Prowler|brn
|
|-heal|p1a: Night Prowler|82\/100 brn|[from] item: Leftovers
|-damage|p1a: Night Prowler|70\/100 brn|[from] brn
|upkeep
|turn|2
|
|t:|1717290477
|switch|p2a: Tangrowth|Tangrowth, M|100\/100
|move|p1a: Night Prowler|Scald|p2a: Tangrowth
|-resisted|p2a: Tangrowth
|-damage|p2a: Tangrowth|80\/100
|
|-heal|p1a: Night Prowler|76\/100 brn|[from] item: Leftovers
|-damage|p1a: Night Prowler|64\/100 brn|[from] brn
|upkeep
|turn|3
|
|t:|1717290487
|switch|p1a: Dirty Deeds|Serperior, F|100\/100
|move|p2a: Tangrowth|Knock Off|p1a: Dirty Deeds
|-damage|p1a: Dirty Deeds|75\/100
|-enditem|p1a: Dirty Deeds|Leftovers|[from] move: Knock Off|[of] p2a: Tangrowth
|
|upkeep
|turn|4
|
|t:|1717290497
|move|p1a: Dirty Deeds|Knock Off|p2a: Tangrowth
|-damage|p2a: Tangrowth|71\/100
|-damage|p1a: Dirty Deeds|59\/100|[from] item: Rocky Helmet|[of] p2a: Tangrowth
|-enditem|p2a: Tangrowth|Rocky Helmet|[from] move: Knock Off|[of] p1a: Dirty Deeds
|move|p2a: Tangrowth|Poison Jab|p1a: Dirty Deeds
|-supereffective|p1a: Dirty Deeds
|-damage|p1a: Dirty Deeds|19\/100
|
|upkeep
|turn|5
|
|t:|1717290509
|move|p1a: Dirty Deeds|Synthesis|p1a: Dirty Deeds
|-heal|p1a: Dirty Deeds|68\/100
|move|p2a: Tangrowth|Poison Jab|p1a: Dirty Deeds
|-supereffective|p1a: Dirty Deeds
|-damage|p1a: Dirty Deeds|31\/100
|
|upkeep
|turn|6
|
|t:|1717290533
|switch|p2a: Entei|Entei, shiny|100\/100
|-ability|p2a: Entei|Pressure
|move|p1a: Dirty Deeds|Synthesis|p1a: Dirty Deeds
|-heal|p1a: Dirty Deeds|81\/100
|
|upkeep
|turn|7
|
|t:|1717290542
|switch|p1a: Night Prowler|Suicune|64\/100 brn
|-ability|p1a: Night Prowler|Pressure
|move|p2a: Entei|Sacred Fire|p1a: Night Prowler
|-resisted|p1a: Night Prowler
|-damage|p1a: Night Prowler|39\/100 brn
|
|-heal|p1a: Night Prowler|45\/100 brn|[from] item: Leftovers
|-damage|p1a: Night Prowler|33\/100 brn|[from] brn
|upkeep
|turn|8
|
|t:|1717290554
|switch|p2a: Tangrowth|Tangrowth, M|100\/100
|move|p1a: Night Prowler|Rest|p1a: Night Prowler
|-status|p1a: Night Prowler|slp|[from] move: Rest
|-heal|p1a: Night Prowler|100\/100 slp|[silent]
|
|upkeep
|turn|9
|
|t:|1717290562
|switch|p1a: Dirty Deeds|Serperior, F|81\/100
|move|p2a: Tangrowth|Power Whip|p1a: Dirty Deeds
|-resisted|p1a: Dirty Deeds
|-damage|p1a: Dirty Deeds|58\/100
|
|upkeep
|turn|10
|
|t:|1717290569
|move|p1a: Dirty Deeds|Toxic|p2a: Tangrowth
|-status|p2a: Tangrowth|tox
|move|p2a: Tangrowth|Poison Jab|p1a: Dirty Deeds
|-supereffective|p1a: Dirty Deeds
|-damage|p1a: Dirty Deeds|14\/100
|
|-damage|p2a: Tangrowth|94\/100 tox|[from] psn
|upkeep
|turn|11
|
|t:|1717290580
|switch|p1a: Hell's Bells|Bronzong|100\/100
|switch|p2a: Entei|Entei, shiny|100\/100
|-ability|p2a: Entei|Pressure
|
|upkeep
|turn|12
|
|t:|1717290589
|switch|p1a: Night Prowler|Suicune|100\/100 slp
|-ability|p1a: Night Prowler|Pressure
|move|p2a: Entei|Sacred Fire|p1a: Night Prowler
|-resisted|p1a: Night Prowler
|-damage|p1a: Night Prowler|77\/100 slp
|
|-heal|p1a: Night Prowler|83\/100 slp|[from] item: Leftovers
|upkeep
|turn|13
|
|t:|1717290607
|switch|p2a: Dragonite|Dragonite, F|100\/100
|switch|p1a: Dirty Deeds|Serperior, F|14\/100
|
|upkeep
|turn|14
|
|t:|1717290614
|switch|p1a: Hell's Bells|Bronzong|100\/100
|move|p2a: Dragonite|Dragon Dance|p2a: Dragonite
|-boost|p2a: Dragonite|atk|1
|-boost|p2a: Dragonite|spe|1
|
|upkeep
|turn|15
|
|t:|1717290628
|move|p2a: Dragonite|Dragon Dance|p2a: Dragonite
|-boost|p2a: Dragonite|atk|1
|-boost|p2a: Dragonite|spe|1
|move|p1a: Hell's Bells|Reflect|p1a: Hell's Bells
|-sidestart|p1: Kaiser Cauto|Reflect
|
|upkeep
|turn|16
|j| son_of_ringo
|l| son_of_ringo
|
|t:|1717290636
|move|p2a: Dragonite|Fire Punch|p1a: Hell's Bells
|-supereffective|p1a: Hell's Bells
|-damage|p1a: Hell's Bells|55\/100
|-damage|p2a: Dragonite|91\/100|[from] item: Life Orb
|move|p1a: Hell's Bells|Stealth Rock|p2a: Dragonite
|-sidestart|p2: Bman5422|move: Stealth Rock
|
|upkeep
|turn|17
|j| son_of_ringo
|
|t:|1717290655
|switch|p1a: Dirty Deeds|Serperior, F|14\/100
|move|p2a: Dragonite|Fire Punch|p1a: Dirty Deeds
|-supereffective|p1a: Dirty Deeds
|-damage|p1a: Dirty Deeds|0 fnt
|faint|p1a: Dirty Deeds
|-damage|p2a: Dragonite|81\/100|[from] item: Life Orb
|
|upkeep
|
|t:|1717290658
|switch|p1a: T.N.T.|Ditto|100\/100
|-transform|p1a: T.N.T.|p2a: Dragonite|[from] ability: Imposter
|turn|18
|c| son_of_ringo|Let’s go boys
|
|t:|1717290669
|move|p1a: T.N.T.|Dragon Claw|p2a: Dragonite
|-supereffective|p2a: Dragonite
|-crit|p2a: Dragonite
|-damage|p2a: Dragonite|0 fnt
|faint|p2a: Dragonite
|
|upkeep
|
|t:|1717290675
|switch|p2a: Empoleon|Empoleon, F|100\/100
|-damage|p2a: Empoleon|94\/100|[from] Stealth Rock
|turn|19
|c| son_of_ringo|Brandon your avatar is awesome
|
|t:|1717290744
|switch|p1a: Hell's Bells|Bronzong|55\/100
|move|p2a: Empoleon|Ice Beam|p1a: Hell's Bells
|-resisted|p1a: Hell's Bells
|-damage|p1a: Hell's Bells|45\/100
|-status|p1a: Hell's Bells|frz
|
|-heal|p2a: Empoleon|100\/100|[from] item: Leftovers
|-sideend|p1: Kaiser Cauto|Reflect
|upkeep
|turn|20
|j| Jmils9
|
|t:|1717290761
|switch|p1a: Thunderstruck|Thundurus-Therian, M|100\/100
|move|p2a: Empoleon|Defog|p1a: Thunderstruck
|-unboost|p1a: Thunderstruck|evasion|1
|-sideend|p2: Bman5422|Stealth Rock|[from] move: Defog|[of] p2a: Empoleon
|
|upkeep
|turn|21
|c| son_of_ringo|Sheeeeesh the freeeeze
|
|t:|1717290777
|switch|p2a: Tangrowth|Tangrowth, M|100\/100 tox
|move|p1a: Thunderstruck|Nasty Plot|p1a: Thunderstruck
|-boost|p1a: Thunderstruck|spa|2
|
|-damage|p2a: Tangrowth|94\/100 tox|[from] psn
|upkeep
|turn|22
|
|t:|1717290785
|move|p1a: Thunderstruck|Hidden Power|p2a: Tangrowth
|-supereffective|p2a: Tangrowth
|-damage|p2a: Tangrowth|0 fnt
|faint|p2a: Tangrowth
|
|upkeep
|
|t:|1717290794
|switch|p2a: Empoleon|Empoleon, F|100\/100
|turn|23
|
|t:|1717290799
|move|p1a: Thunderstruck|Thunderbolt|p2a: Empoleon
|-supereffective|p2a: Empoleon
|-damage|p2a: Empoleon|0 fnt
|faint|p2a: Empoleon
|
|upkeep
|
|t:|1717290824
|switch|p2a: Entei|Entei, shiny|100\/100
|-ability|p2a: Entei|Pressure
|turn|24
|
|t:|1717290830
|move|p1a: Thunderstruck|Thunderbolt|p2a: Entei
|-damage|p2a: Entei|0 fnt
|faint|p2a: Entei
|
|upkeep
|
|t:|1717290835
|switch|p2a: Lucario|Lucario, M|100\/100
|turn|25
|
|t:|1717290841
|move|p2a: Lucario|Bullet Punch|p1a: Thunderstruck
|-resisted|p1a: Thunderstruck
|-damage|p1a: Thunderstruck|82\/100
|-damage|p2a: Lucario|91\/100|[from] item: Life Orb
|move|p1a: Thunderstruck|Thunderbolt|p2a: Lucario
|-damage|p2a: Lucario|0 fnt
|faint|p2a: Lucario
|
|upkeep
|l| Jmils9
|
|t:|1717290850
|switch|p2a: Galvantula|Galvantula, M|100\/100
|turn|26
|
|t:|1717290854
|move|p2a: Galvantula|Bug Buzz|p1a: Thunderstruck
|-resisted|p1a: Thunderstruck
|-damage|p1a: Thunderstruck|52\/100
|move|p1a: Thunderstruck|Thunderbolt|p2a: Galvantula
|-resisted|p2a: Galvantula
|-damage|p2a: Galvantula|40\/100
|
|upkeep
|turn|27
|
|t:|1717290861
|move|p2a: Galvantula|Bug Buzz|p1a: Thunderstruck
|-resisted|p1a: Thunderstruck
|-damage|p1a: Thunderstruck|23\/100
|move|p1a: Thunderstruck|Thunderbolt|p2a: Galvantula
|-resisted|p2a: Galvantula
|-damage|p2a: Galvantula|0 fnt
|faint|p2a: Galvantula
|
|win|Kaiser Cauto
|c| crystopper_pkmn|gg
|c|☆Kaiser Cauto|gg
|c| seto slima|gg
|l|☆Bman5422
|player|p2|
|c| son_of_ringo|Gg
|l| son_of_ringo
|l|☆Kaiser Cauto
|player|p1|
|c| seto slima|Pressure stalling sacred fire is devious
|j| 6utter
|l| seto slima
|c| TheWillager|Gg
|l| TheWillager

</script>
</div>
<div class="battle-log battle-log-inline"><div class="inner"><div class="battle-options"></div><div class="inner message-log"><div class="chat"><small>☆Kaiser Cauto and ☆Bman5422 joined</small></div><div class=""><small>Format:</small> <br><strong>[Gen 6] Draft</strong></div><div class=""><small><em>Sleep Clause Mod:</em> Limit one foe put to sleep</small></div><div class=""><small><em>OHKO Clause:</em> OHKO moves are banned</small></div><div class=""><small><em>Evasion Clause:</em> Evasion abilities, items, and moves are banned</small></div><div class=""><small><em>Evasion Abilities Clause:</em> Evasion abilities are banned</small></div><div class=""><small><em>Evasion Items Clause:</em> Evasion items are banned</small></div><div class=""><small><em>Evasion Moves Clause:</em> Evasion moves are banned</small></div><div class=""><small><em>Endless Battle Clause:</em> Forcing endless battles is banned</small></div><div class=""><small><em>HP Percentage Mod:</em> HP is shown in percentages</small></div><div class=""><small><em>Moody Clause:</em> Moody is banned</small></div><div class=""><small><em>Swagger Clause:</em> Swagger is banned</small></div><div class="chat battle-history"><strong>Kaiser Cauto's team:</strong> <em style="color:#445566;display:block;">Serperior / Thundurus-Therian / Suicune / Snorlax / Bronzong / Ditto</em></div><div class="chat battle-history"><strong>Bman5422's team:</strong> <em style="color:#445566;display:block;">Dragonite / Galvantula / Empoleon / Entei / Lucario / Tangrowth</em></div><div class="chat"><small> crystopper_pkmn and  Notabot1234 joined</small></div><div class="chat chatmessage-notabot1234"><strong style="color:#ba8f0f"><small> </small><span class="username" data-name="Notabot1234">Notabot1234</span>:</strong> <em>Half turnt at a wedding</em></div><div class="chat chatmessage-notabot1234"><strong style="color:#ba8f0f"><small> </small><span class="username" data-name="Notabot1234">Notabot1234</span>:</strong> <em>gl boiz</em></div><div class="chat"><small> TheWillager joined</small></div><div class="chat chatmessage-crystopperpkmn"><strong style="color:#b08245"><small> </small><span class="username" data-name="crystopper_pkmn">crystopper_pkmn</span>:</strong> <em>gl</em></div><div class="chat chatmessage-kaisercauto"><strong style="color:#d50e6e"><small>☆</small><span class="username" data-name="Kaiser Cauto">Kaiser Cauto</span>:</strong> <em>good luck bman</em></div><div class="chat"><small> seto slima joined</small></div><div class="chat chatmessage-bman5422"><strong style="color:#27a769"><small>☆</small><span class="username" data-name="Bman5422">Bman5422</span>:</strong> <em>Good luck!!</em></div><div class="spacer battle-history"><br></div><div class="battle-history">Battle started between Kaiser Cauto and Bman5422!<br></div><div class="spacer battle-history"><br></div><div class="battle-history">Go! Thunderstruck (<strong>Thundurus-Therian</strong>)!<br></div><div class="spacer battle-history"><br></div><div class="battle-history">Bman5422 sent out <strong>Entei</strong>!<br></div><div class="battle-history">[The opposing Entei's Pressure]<br><small>The opposing Entei is exerting its pressure!</small><br></div><div class="spacer battle-history"><br></div><h2 class="battle-history">Turn 1</h2><div class="spacer battle-history"><br></div><div class="battle-history">Thunderstruck, come back!<br></div><div class="battle-history">Go! Night Prowler (<strong>Suicune</strong>)!<br></div><div class="battle-history">[Night Prowler's Pressure]<br><small>Night Prowler is exerting its pressure!</small><br></div><div class="spacer battle-history"><br></div><div class="battle-history">The opposing Entei used <strong>Sacred Fire</strong>!<br></div><div class="battle-history"><small>It's not very effective...</small><br></div><div class="battle-history"><small>(Night Prowler lost 24% of its health!)</small><br></div><div class="battle-history"><small>Night Prowler was burned!</small><br></div><div class="spacer battle-history"><br></div><div class="battle-history"><small>Night Prowler restored a little HP using its Leftovers!</small><br></div><div class="battle-history"><small>Night Prowler was hurt by its burn!</small><br></div><div class="spacer battle-history"><br></div><h2 class="battle-history">Turn 2</h2><div class="spacer battle-history"><br></div><div class="battle-history">Bman5422 withdrew Entei!<br></div><div class="battle-history">Bman5422 sent out <strong>Tangrowth</strong>!<br></div><div class="spacer battle-history"><br></div><div class="battle-history">Night Prowler used <strong>Scald</strong>!<br></div><div class="battle-history"><small>It's not very effective...</small><br></div><div class="battle-history"><small>(The opposing Tangrowth lost 20% of its health!)</small><br></div><div class="spacer battle-history"><br></div><div class="battle-history"><small>Night Prowler restored a little HP using its Leftovers!</small><br></div><div class="battle-history"><small>Night Prowler was hurt by its burn!</small><br></div><div class="spacer battle-history"><br></div><h2 class="battle-history">Turn 3</h2><div class="spacer battle-history"><br></div><div class="battle-history">Night Prowler, come back!<br></div><div class="battle-history">Go! Dirty Deeds (<strong>Serperior</strong>)!<br></div><div class="spacer battle-history"><br></div><div class="battle-history">The opposing Tangrowth used <strong>Knock Off</strong>!<br></div><div class="battle-history"><small>(Dirty Deeds lost 25% of its health!)</small><br></div><div class="battle-history"><small>The opposing Tangrowth knocked off Dirty Deeds's Leftovers!</small><br></div><div class="spacer battle-history"><br></div><h2 class="battle-history">Turn 4</h2><div class="spacer battle-history"><br></div><div class="battle-history">Dirty Deeds used <strong>Knock Off</strong>!<br></div><div class="battle-history"><small>(The opposing Tangrowth lost 9% of its health!)</small><br></div><div class="battle-history"><small>Dirty Deeds was hurt by the Rocky Helmet!</small><br></div><div class="battle-history"><small>Dirty Deeds knocked off the opposing Tangrowth's Rocky Helmet!</small><br></div><div class="spacer battle-history"><br></div><div class="battle-history">The opposing Tangrowth used <strong>Poison Jab</strong>!<br></div><div class="battle-history"><small>It's super effective!</small><br></div><div class="battle-history"><small>(Dirty Deeds lost 40% of its health!)</small><br></div><div class="spacer battle-history"><br></div><h2 class="battle-history">Turn 5</h2><div class="spacer battle-history"><br></div><div class="battle-history">Dirty Deeds used <strong>Synthesis</strong>!<br></div><div class="battle-history"><small>Dirty Deeds had its HP restored.</small><br></div><div class="spacer battle-history"><br></div><div class="battle-history">The opposing Tangrowth used <strong>Poison Jab</strong>!<br></div><div class="battle-history"><small>It's super effective!</small><br></div><div class="battle-history"><small>(Dirty Deeds lost 37% of its health!)</small><br></div><div class="spacer battle-history"><br></div><h2 class="battle-history">Turn 6</h2><div class="spacer battle-history"><br></div><div class="battle-history">Bman5422 withdrew Tangrowth!<br></div><div class="battle-history">Bman5422 sent out <strong>Entei</strong>!<br></div><div class="battle-history">[The opposing Entei's Pressure]<br><small>The opposing Entei is exerting its pressure!</small><br></div><div class="spacer battle-history"><br></div><div class="battle-history">Dirty Deeds used <strong>Synthesis</strong>!<br></div><div class="battle-history"><small>Dirty Deeds had its HP restored.</small><br></div><div class="spacer battle-history"><br></div><h2 class="battle-history">Turn 7</h2><div class="spacer battle-history"><br></div><div class="battle-history">Dirty Deeds, come back!<br></div><div class="battle-history">Go! Night Prowler (<strong>Suicune</strong>)!<br></div><div class="battle-history">[Night Prowler's Pressure]<br><small>Night Prowler is exerting its pressure!</small><br></div><div class="spacer battle-history"><br></div><div class="battle-history">The opposing Entei used <strong>Sacred Fire</strong>!<br></div><div class="battle-history"><small>It's not very effective...</small><br></div><div class="battle-history"><small>(Night Prowler lost 25% of its health!)</small><br></div><div class="spacer battle-history"><br></div><div class="battle-history"><small>Night Prowler restored a little HP using its Leftovers!</small><br></div><div class="battle-history"><small>Night Prowler was hurt by its burn!</small><br></div><div class="spacer battle-history"><br></div><h2 class="battle-history">Turn 8</h2><div class="spacer battle-history"><br></div><div class="battle-history">Bman5422 withdrew Entei!<br></div><div class="battle-history">Bman5422 sent out <strong>Tangrowth</strong>!<br></div><div class="spacer battle-history"><br></div><div class="battle-history">Night Prowler used <strong>Rest</strong>!<br></div><div class="battle-history"><small>Night Prowler slept and became healthy!</small><br></div><div class="spacer battle-history"><br></div><h2 class="battle-history">Turn 9</h2><div class="spacer battle-history"><br></div><div class="battle-history">Night Prowler, come back!<br></div><div class="battle-history">Go! Dirty Deeds (<strong>Serperior</strong>)!<br></div><div class="spacer battle-history"><br></div><div class="battle-history">The opposing Tangrowth used <strong>Power Whip</strong>!<br></div><div class="battle-history"><small>It's not very effective...</small><br></div><div class="battle-history"><small>(Dirty Deeds lost 23% of its health!)</small><br></div><div class="spacer battle-history"><br></div><h2 class="battle-history">Turn 10</h2><div class="spacer battle-history"><br></div><div class="battle-history">Dirty Deeds used <strong>Toxic</strong>!<br></div><div class="battle-history"><small>The opposing Tangrowth was badly poisoned!</small><br></div><div class="spacer battle-history"><br></div><div class="battle-history">The opposing Tangrowth used <strong>Poison Jab</strong>!<br></div><div class="battle-history"><small>It's super effective!</small><br></div><div class="battle-history"><small>(Dirty Deeds lost 44% of its health!)</small><br></div><div class="spacer battle-history"><br></div><div class="battle-history"><small>The opposing Tangrowth was hurt by poison!</small><br></div><div class="spacer battle-history"><br></div><h2 class="battle-history">Turn 11</h2><div class="spacer battle-history"><br></div><div class="battle-history">Dirty Deeds, come back!<br></div><div class="battle-history">Go! Hell's Bells (<strong>Bronzong</strong>)!<br></div><div class="spacer battle-history"><br></div><div class="battle-history">Bman5422 withdrew Tangrowth!<br></div><div class="battle-history">Bman5422 sent out <strong>Entei</strong>!<br></div><div class="battle-history">[The opposing Entei's Pressure]<br><small>The opposing Entei is exerting its pressure!</small><br></div><div class="spacer battle-history"><br></div><h2 class="battle-history">Turn 12</h2><div class="spacer battle-history"><br></div><div class="battle-history">Hell's Bells, come back!<br></div><div class="battle-history">Go! Night Prowler (<strong>Suicune</strong>)!<br></div><div class="battle-history">[Night Prowler's Pressure]<br><small>Night Prowler is exerting its pressure!</small><br></div><div class="spacer battle-history"><br></div><div class="battle-history">The opposing Entei used <strong>Sacred Fire</strong>!<br></div><div class="battle-history"><small>It's not very effective...</small><br></div><div class="battle-history"><small>(Night Prowler lost 23% of its health!)</small><br></div><div class="spacer battle-history"><br></div><div class="battle-history"><small>Night Prowler restored a little HP using its Leftovers!</small><br></div><div class="spacer battle-history"><br></div><h2 class="battle-history">Turn 13</h2><div class="spacer battle-history"><br></div><div class="battle-history">Bman5422 withdrew Entei!<br></div><div class="battle-history">Bman5422 sent out <strong>Dragonite</strong>!<br></div><div class="spacer battle-history"><br></div><div class="battle-history">Night Prowler, come back!<br></div><div class="battle-history">Go! Dirty Deeds (<strong>Serperior</strong>)!<br></div><div class="spacer battle-history"><br></div><h2 class="battle-history">Turn 14</h2><div class="spacer battle-history"><br></div><div class="battle-history">Dirty Deeds, come back!<br></div><div class="battle-history">Go! Hell's Bells (<strong>Bronzong</strong>)!<br></div><div class="spacer battle-history"><br></div><div class="battle-history">The opposing Dragonite used <strong>Dragon Dance</strong>!<br></div><div class="battle-history"><small>The opposing Dragonite's Attack rose!</small><br></div><div class="battle-history"><small>The opposing Dragonite's Speed rose!</small><br></div><div class="spacer battle-history"><br></div><h2 class="battle-history">Turn 15</h2><div class="spacer battle-history"><br></div><div class="battle-history">The opposing Dragonite used <strong>Dragon Dance</strong>!<br></div><div class="battle-history"><small>The opposing Dragonite's Attack rose!</small><br></div><div class="battle-history"><small>The opposing Dragonite's Speed rose!</small><br></div><div class="spacer battle-history"><br></div><div class="battle-history">Hell's Bells used <strong>Reflect</strong>!<br></div><div class="battle-history"><small>Reflect made your team stronger against physical moves!</small><br></div><div class="spacer battle-history"><br></div><h2 class="battle-history">Turn 16</h2><div class="chat"><small> son_of_ringo joined;  son_of_ringo left</small></div><div class="spacer battle-history"><br></div><div class="battle-history">The opposing Dragonite used <strong>Fire Punch</strong>!<br></div><div class="battle-history"><small>It's super effective!</small><br></div><div class="battle-history"><small>(Hell's Bells lost 45% of its health!)</small><br></div><div class="battle-history"><small>The opposing Dragonite lost some of its HP!</small><br></div><div class="spacer battle-history"><br></div><div class="battle-history">Hell's Bells used <strong>Stealth Rock</strong>!<br></div><div class="battle-history"><small>Pointed stones float in the air around the opposing team!</small><br></div><div class="spacer battle-history"><br></div><h2 class="battle-history">Turn 17</h2><div class="chat"><small> son_of_ringo joined</small></div><div class="spacer battle-history"><br></div><div class="battle-history">Hell's Bells, come back!<br></div><div class="battle-history">Go! Dirty Deeds (<strong>Serperior</strong>)!<br></div><div class="spacer battle-history"><br></div><div class="battle-history">The opposing Dragonite used <strong>Fire Punch</strong>!<br></div><div class="battle-history"><small>It's super effective!</small><br></div><div class="battle-history"><small>(Dirty Deeds lost 14% of its health!)</small><br></div><div class="spacer battle-history"><br></div><div class="battle-history">Dirty Deeds fainted!<br></div><div class="battle-history"><small>The opposing Dragonite lost some of its HP!</small><br></div><div class="spacer battle-history"><br></div><div class="battle-history">Go! T.N.T. (<strong>Ditto</strong>)!<br></div><div class="battle-history">[T.N.T.'s Imposter]<br>T.N.T. transformed into Dragonite!<br></div><div class="spacer battle-history"><br></div><h2 class="battle-history">Turn 18</h2><div class="chat chatmessage-sonofringo"><strong style="color:#8a8e0e"><small> </small><span class="username" data-name="son_of_ringo">son_of_ringo</span>:</strong> <em>Let’s go boys</em></div><div class="spacer battle-history"><br></div><div class="battle-history">T.N.T. used <strong>Dragon Claw</strong>!<br></div><div class="battle-history"><small>It's super effective!</small><br></div><div class="battle-history"><small>A critical hit!</small><br></div><div class="battle-history"><small>(The opposing Dragonite lost 81% of its health!)</small><br></div><div class="spacer battle-history"><br></div><div class="battle-history">The opposing Dragonite fainted!<br></div><div class="spacer battle-history"><br></div><div class="battle-history">Bman5422 sent out <strong>Empoleon</strong>!<br></div><div class="battle-history"><small>Pointed stones dug into the opposing Empoleon!</small><br></div><div class="spacer battle-history"><br></div><h2 class="battle-history">Turn 19</h2><div class="chat chatmessage-sonofringo"><strong style="color:#8a8e0e"><small> </small><span class="username" data-name="son_of_ringo">son_of_ringo</span>:</strong> <em>Brandon your avatar is awesome</em></div><div class="spacer battle-history"><br></div><div class="battle-history">T.N.T., come back!<br></div><div class="battle-history">Go! Hell's Bells (<strong>Bronzong</strong>)!<br></div><div class="spacer battle-history"><br></div><div class="battle-history">The opposing Empoleon used <strong>Ice Beam</strong>!<br></div><div class="battle-history"><small>It's not very effective...</small><br></div><div class="battle-history"><small>(Hell's Bells lost 10% of its health!)</small><br></div><div class="battle-history"><small>Hell's Bells was frozen solid!</small><br></div><div class="spacer battle-history"><br></div><div class="battle-history"><small>The opposing Empoleon restored a little HP using its Leftovers!</small><br></div><div class="battle-history"><small>Your team's Reflect wore off!</small><br></div><div class="spacer battle-history"><br></div><h2 class="battle-history">Turn 20</h2><div class="chat"><small> Jmils9 joined</small></div><div class="spacer battle-history"><br></div><div class="battle-history">Hell's Bells, come back!<br></div><div class="battle-history">Go! Thunderstruck (<strong>Thundurus-Therian</strong>)!<br></div><div class="spacer battle-history"><br></div><div class="battle-history">The opposing Empoleon used <strong>Defog</strong>!<br></div><div class="battle-history"><small>Thunderstruck's evasiveness fell!</small><br></div><div class="battle-history"><small>The pointed stones disappeared from around the opposing team!</small><br></div><div class="spacer battle-history"><br></div><h2 class="battle-history">Turn 21</h2><div class="chat chatmessage-sonofringo"><strong style="color:#8a8e0e"><small> </small><span class="username" data-name="son_of_ringo">son_of_ringo</span>:</strong> <em>Sheeeeesh the freeeeze</em></div><div class="spacer battle-history"><br></div><div class="battle-history">Bman5422 withdrew Empoleon!<br></div><div class="battle-history">Bman5422 sent out <strong>Tangrowth</strong>!<br></div><div class="spacer battle-history"><br></div><div class="battle-history">Thunderstruck used <strong>Nasty Plot</strong>!<br></div><div class="battle-history"><small>Thunderstruck's Sp. Atk rose sharply!</small><br></div><div class="spacer battle-history"><br></div><div class="battle-history"><small>The opposing Tangrowth was hurt by poison!</small><br></div><div class="spacer battle-history"><br></div><h2 class="battle-history">Turn 22</h2><div class="spacer battle-history"><br></div><div class="battle-history">Thunderstruck used <strong>Hidden Power</strong>!<br></div><div class="battle-history"><small>It's super effective!</small><br></div><div class="battle-history"><small>(The opposing Tangrowth lost 94% of its health!)</small><br></div><div class="spacer battle-history"><br></div><div class="battle-history">The opposing Tangrowth fainted!<br></div><div class="spacer battle-history"><br></div><div class="battle-history">Bman5422 sent out <strong>Empoleon</strong>!<br></div><div class="spacer battle-history"><br></div><h2 class="battle-history">Turn 23</h2><div class="spacer battle-history"><br></div><div class="battle-history">Thunderstruck used <strong>Thunderbolt</strong>!<br></div><div class="battle-history"><small>It's super effective!</small><br></div><div class="battle-history"><small>(The opposing Empoleon lost 100% of its health!)</small><br></div><div class="spacer battle-history"><br></div><div class="battle-history">The opposing Empoleon fainted!<br></div><div class="spacer battle-history"><br></div><div class="battle-history">Bman5422 sent out <strong>Entei</strong>!<br></div><div class="battle-history">[The opposing Entei's Pressure]<br><small>The opposing Entei is exerting its pressure!</small><br></div><div class="spacer battle-history"><br></div><h2 class="battle-history">Turn 24</h2><div class="spacer battle-history"><br></div><div class="battle-history">Thunderstruck used <strong>Thunderbolt</strong>!<br></div><div class="battle-history"><small>(The opposing Entei lost 100% of its health!)</small><br></div><div class="spacer battle-history"><br></div><div class="battle-history">The opposing Entei fainted!<br></div><div class="spacer battle-history"><br></div><div class="battle-history">Bman5422 sent out <strong>Lucario</strong>!<br></div><div class="spacer battle-history"><br></div><h2 class="battle-history">Turn 25</h2><div class="spacer battle-history"><br></div><div class="battle-history">The opposing Lucario used <strong>Bullet Punch</strong>!<br></div><div class="battle-history"><small>It's not very effective...</small><br></div><div class="battle-history"><small>(Thunderstruck lost 18% of its health!)</small><br></div><div class="battle-history"><small>The opposing Lucario lost some of its HP!</small><br></div><div class="spacer battle-history"><br></div><div class="battle-history">Thunderstruck used <strong>Thunderbolt</strong>!<br></div><div class="battle-history"><small>(The opposing Lucario lost 91% of its health!)</small><br></div><div class="spacer battle-history"><br></div><div class="battle-history">The opposing Lucario fainted!<br></div><div class="chat"><small> Jmils9 left</small></div><div class="spacer battle-history"><br></div><div class="battle-history">Bman5422 sent out <strong>Galvantula</strong>!<br></div><div class="spacer battle-history"><br></div><h2 class="battle-history">Turn 26</h2><div class="spacer battle-history"><br></div><div class="battle-history">The opposing Galvantula used <strong>Bug Buzz</strong>!<br></div><div class="battle-history"><small>It's not very effective...</small><br></div><div class="battle-history"><small>(Thunderstruck lost 30% of its health!)</small><br></div><div class="spacer battle-history"><br></div><div class="battle-history">Thunderstruck used <strong>Thunderbolt</strong>!<br></div><div class="battle-history"><small>It's not very effective...</small><br></div><div class="battle-history"><small>(The opposing Galvantula lost 60% of its health!)</small><br></div><div class="spacer battle-history"><br></div><h2 class="battle-history">Turn 27</h2><div class="spacer battle-history"><br></div><div class="battle-history">The opposing Galvantula used <strong>Bug Buzz</strong>!<br></div><div class="battle-history"><small>It's not very effective...</small><br></div><div class="battle-history"><small>(Thunderstruck lost 29% of its health!)</small><br></div><div class="spacer battle-history"><br></div><div class="battle-history">Thunderstruck used <strong>Thunderbolt</strong>!<br></div><div class="battle-history"><small>It's not very effective...</small><br></div><div class="battle-history"><small>(The opposing Galvantula lost 40% of its health!)</small><br></div><div class="spacer battle-history"><br></div><div class="battle-history">The opposing Galvantula fainted!<br></div><div class="spacer battle-history"><br></div><div class="battle-history"><strong>Kaiser Cauto</strong> won the battle!<br></div><div class="chat chatmessage-crystopperpkmn"><strong style="color:#b08245"><small> </small><span class="username" data-name="crystopper_pkmn">crystopper_pkmn</span>:</strong> <em>gg</em></div><div class="chat chatmessage-kaisercauto"><strong style="color:#d50e6e"><small>☆</small><span class="username" data-name="Kaiser Cauto">Kaiser Cauto</span>:</strong> <em>gg</em></div><div class="chat chatmessage-setoslima"><strong style="color:#c318b8"><small> </small><span class="username" data-name="seto slima">seto slima</span>:</strong> <em>gg</em></div><div class="chat"><small>☆Bman5422 left</small></div><div class="chat chatmessage-sonofringo"><strong style="color:#8a8e0e"><small> </small><span class="username" data-name="son_of_ringo">son_of_ringo</span>:</strong> <em>Gg</em></div><div class="chat"><small> son_of_ringo and ☆Kaiser Cauto left</small></div><div class="chat chatmessage-setoslima"><strong style="color:#c318b8"><small> </small><span class="username" data-name="seto slima">seto slima</span>:</strong> <em>Pressure stalling sacred fire is devious</em></div><div class="chat"><small> 6utter joined;  seto slima left</small></div><div class="chat chatmessage-thewillager"><strong style="color:#7d923a"><small> </small><span class="username" data-name="TheWillager">TheWillager</span>:</strong> <em>Gg</em></div><div class="chat"><small> TheWillager left</small></div></div><div class="inner-preempt message-log"></div></div></div>
</div>
<script>
let daily = Math.floor(Date.now()/1000/60/60/24);document.write('<script src="https://play.pokemonshowdown.com/js/replay-embed.js?version'+daily+'"></'+'script>');
</script>
