<!DOCTYPE html>
<meta charset="utf-8" />
<!-- version 1 -->
<title>[Gen 6] Draft replay: TheWillager vs. moof710</title>
<style>
html,body {font-family:Verdana, sans-serif;font-size:10pt;margin:0;padding:0;}body{padding:12px 0;} .battle-log {font-family:Verdana, sans-serif;font-size:10pt;} .battle-log-inline {border:1px solid #AAAAAA;background:#EEF2F5;color:black;max-width:640px;margin:0 auto 80px;padding-bottom:5px;} .battle-log .inner {padding:4px 8px 0px 8px;} .battle-log .inner-preempt {padding:0 8px 4px 8px;} .battle-log .inner-after {margin-top:0.5em;} .battle-log h2 {margin:0.5em -8px;padding:4px 8px;border:1px solid #AAAAAA;background:#E0E7EA;border-left:0;border-right:0;font-family:Verdana, sans-serif;font-size:13pt;} .battle-log .chat {vertical-align:middle;padding:3px 0 3px 0;font-size:8pt;} .battle-log .chat strong {color:#40576A;} .battle-log .chat em {padding:1px 4px 1px 3px;color:#000000;font-style:normal;} .chat.mine {background:rgba(0,0,0,0.05);margin-left:-8px;margin-right:-8px;padding-left:8px;padding-right:8px;} .spoiler {color:#BBBBBB;background:#BBBBBB;padding:0px 3px;} .spoiler:hover, .spoiler:active, .spoiler-shown {color:#000000;background:#E2E2E2;padding:0px 3px;} .spoiler a {color:#BBBBBB;} .spoiler:hover a, .spoiler:active a, .spoiler-shown a {color:#2288CC;} .chat code, .chat .spoiler:hover code, .chat .spoiler:active code, .chat .spoiler-shown code {border:1px solid #C0C0C0;background:#EEEEEE;color:black;padding:0 2px;} .chat .spoiler code {border:1px solid #CCCCCC;background:#CCCCCC;color:#CCCCCC;} .battle-log .rated {padding:3px 4px;} .battle-log .rated strong {color:white;background:#89A;padding:1px 4px;border-radius:4px;} .spacer {margin-top:0.5em;} .message-announce {background:#6688AA;color:white;padding:1px 4px 2px;} .message-announce a, .broadcast-green a, .broadcast-blue a, .broadcast-red a {color:#DDEEFF;} .broadcast-green {background-color:#559955;color:white;padding:2px 4px;} .broadcast-blue {background-color:#6688AA;color:white;padding:2px 4px;} .infobox {border:1px solid #6688AA;padding:2px 4px;} .infobox-limited {max-height:200px;overflow:auto;overflow-x:hidden;} .broadcast-red {background-color:#AA5544;color:white;padding:2px 4px;} .message-learn-canlearn {font-weight:bold;color:#228822;text-decoration:underline;} .message-learn-cannotlearn {font-weight:bold;color:#CC2222;text-decoration:underline;} .message-effect-weak {font-weight:bold;color:#CC2222;} .message-effect-resist {font-weight:bold;color:#6688AA;} .message-effect-immune {font-weight:bold;color:#666666;} .message-learn-list {margin-top:0;margin-bottom:0;} .message-throttle-notice, .message-error {color:#992222;} .message-overflow, .chat small.message-overflow {font-size:0pt;} .message-overflow::before {font-size:9pt;content:'...';} .subtle {color:#3A4A66;}
</style>
<div class="wrapper replay-wrapper" style="max-width:1180px;margin:0 auto">
<input type="hidden" name="replayid" value="gen6draft-2136446052" />
<div class="battle"></div><div class="battle-log"></div><div class="replay-controls"></div><div class="replay-controls-2"></div>
<h1 style="font-weight:normal;text-align:center"><strong>[Gen 6] Draft</strong><br /><a href="http://pokemonshowdown.com/users/thewillager" class="subtle" target="_blank">TheWillager</a> vs. <a href="http://pokemonshowdown.com/users/moof710" class="subtle" target="_blank">moof710</a></h1>
<script type="text/plain" class="battle-log-data">
|j|☆TheWillager
|j|☆moof710
|t:|1717466537
|gametype|singles
|player|p1|TheWillager|acetrainerf|
|player|p2|moof710|clown|
|teamsize|p1|6
|teamsize|p2|6
|gen|6
|tier|[Gen 6] Draft
|rule|Sleep Clause Mod: Limit one foe put to sleep
|rule|OHKO Clause: OHKO moves are banned
|rule|Evasion Clause: Evasion abilities, items, and moves are banned
|rule|Evasion Abilities Clause: Evasion abilities are banned
|rule|Evasion Items Clause: Evasion items are banned
|rule|Evasion Moves Clause: Evasion moves are banned
|rule|Endless Battle Clause: Forcing endless battles is banned
|rule|HP Percentage Mod: HP is shown in percentages
|rule|Moody Clause: Moody is banned
|rule|Swagger Clause: Swagger is banned
|clearpoke
|poke|p1|Klefki, F|item
|poke|p1|Nidoqueen, F|item
|poke|p1|Latias, F|item
|poke|p1|Starmie|item
|poke|p1|Gastrodon, F|item
|poke|p1|Azelf|item
|poke|p2|Greninja-*, M|item
|poke|p2|Hydreigon, M|item
|poke|p2|Blissey, F|item
|poke|p2|Amoonguss, F|item
|poke|p2|Dugtrio, F|item
|poke|p2|Froslass, F|item
|teampreview
|j| ryanmali
|j| Kaiser Cauto
|j| son_of_ringo
|j| Bman5422
|j| crystopper_pkmn
|j| Mattchumaniac44
|c|☆TheWillager|glhf~
|l| Bman5422
|
|t:|1717466664
|start
|switch|p1a: Haruhi|Azelf|100\/100
|switch|p2a: Amoonguss|Amoonguss, F|100\/100
|turn|1
|j| Bman5422
|j| seto slima
|
|t:|1717466711
|move|p1a: Haruhi|U-turn|p2a: Amoonguss
|-damage|p2a: Amoonguss|71\/100
|
|t:|1717466714
|switch|p1a: Bianca|Latias, F|100\/100|[from] U-turn
|move|p2a: Amoonguss|Spore|p1a: Bianca
|-activate|p1a: Bianca|item: Safety Goggles|Spore
|
|-heal|p2a: Amoonguss|77\/100|[from] item: Black Sludge
|upkeep
|turn|2
|
|t:|1717466808
|switch|p2a: Blissey|Blissey, F|100\/100
|move|p1a: Bianca|Toxic|p2a: Blissey|[miss]
|-miss|p1a: Bianca|p2a: Blissey
|
|upkeep
|turn|3
|
|t:|1717466813
|move|p1a: Bianca|Safeguard|p1a: Bianca
|-sidestart|p1: TheWillager|Safeguard
|move|p2a: Blissey|Toxic|p1a: Bianca
|-activate|p1a: Bianca|move: Safeguard
|
|upkeep
|turn|4
|c| son_of_ringo|holyyyyyyyyy
|c| crystopper_pkmn|bruh competing on top chef over here
|
|t:|1717466847
|switch|p2a: Froslass|Froslass, F|100\/100
|move|p1a: Bianca|Toxic|p2a: Froslass
|-status|p2a: Froslass|tox
|
|-damage|p2a: Froslass|94\/100 tox|[from] psn
|upkeep
|turn|5
|
|t:|1717466971
|move|p2a: Froslass|Icy Wind|p1a: Bianca
|-supereffective|p1a: Bianca
|-damage|p1a: Bianca|68\/100
|-unboost|p1a: Bianca|spe|1
|move|p1a: Bianca|Psyshock|p2a: Froslass
|-damage|p2a: Froslass|30\/100 tox
|
|-damage|p2a: Froslass|18\/100 tox|[from] psn
|upkeep
|turn|6
|j| Joji27
|
|t:|1717467015
|move|p2a: Froslass|Destiny Bond|p2a: Froslass
|-singlemove|p2a: Froslass|Destiny Bond
|move|p1a: Bianca|Recover|p1a: Bianca
|-heal|p1a: Bianca|100\/100
|
|-damage|p2a: Froslass|0 fnt|[from] psn
|faint|p2a: Froslass
|upkeep
|c|☆moof710|fuuuuck
|c| Mattchumaniac44|nt
|l| son_of_ringo
|c|☆TheWillager|ngl i had to google it rn
|j| son_of_ringo
|
|t:|1717467066
|switch|p2a: Greninja|Greninja, M|100\/100
|turn|7
|
|t:|1717467076
|switch|p1a: Miku Nakano|Gastrodon, F|100\/100
|move|p2a: Greninja|Dark Pulse|p1a: Miku Nakano
|-damage|p1a: Miku Nakano|66\/100
|
|-heal|p1a: Miku Nakano|73\/100|[from] item: Leftovers
|-sideend|p1: TheWillager|Safeguard
|upkeep
|turn|8
|
|t:|1717467120
|switch|p2a: Amoonguss|Amoonguss, F|100\/100
|move|p1a: Miku Nakano|Toxic|p2a: Amoonguss
|-immune|p2a: Amoonguss
|
|-heal|p1a: Miku Nakano|79\/100|[from] item: Leftovers
|upkeep
|turn|9
|
|t:|1717467132
|switch|p1a: Bianca|Latias, F|100\/100
|move|p2a: Amoonguss|Spore|p1a: Bianca
|-activate|p1a: Bianca|item: Safety Goggles|Spore
|
|upkeep
|turn|10
|
|t:|1717467147
|move|p1a: Bianca|Toxic|p2a: Amoonguss
|-immune|p2a: Amoonguss
|move|p2a: Amoonguss|Sludge Bomb|p1a: Bianca
|-damage|p1a: Bianca|82\/100
|
|upkeep
|turn|11
|
|t:|1717467155
|move|p1a: Bianca|Psyshock|p2a: Amoonguss
|-supereffective|p2a: Amoonguss
|-damage|p2a: Amoonguss|21\/100
|move|p2a: Amoonguss|Sludge Bomb|p1a: Bianca
|-damage|p1a: Bianca|63\/100
|-status|p1a: Bianca|psn
|
|-heal|p2a: Amoonguss|27\/100|[from] item: Black Sludge
|-damage|p1a: Bianca|51\/100 psn|[from] psn
|upkeep
|turn|12
|l| son_of_ringo
|
|t:|1717467173
|switch|p2a: Blissey|Blissey, F|100\/100
|move|p1a: Bianca|Toxic|p2a: Blissey
|-status|p2a: Blissey|tox
|
|-damage|p1a: Bianca|38\/100 psn|[from] psn
|-damage|p2a: Blissey|94\/100 tox|[from] psn
|upkeep
|turn|13
|j| son_of_ringo
|
|t:|1717467182
|move|p1a: Bianca|Recover|p1a: Bianca
|-heal|p1a: Bianca|88\/100 psn
|move|p2a: Blissey|Heal Bell|p2a: Blissey
|-activate|p2a: Blissey|move: Heal Bell
|-curestatus|p2a: Blissey|tox|[msg]
|
|-heal|p2a: Blissey|100\/100|[from] item: Leftovers
|-damage|p1a: Bianca|76\/100 psn|[from] psn
|upkeep
|turn|14
|
|t:|1717467211
|switch|p2a: Greninja|Greninja, M|100\/100
|move|p1a: Bianca|Toxic|p2a: Greninja
|-status|p2a: Greninja|tox
|
|-damage|p2a: Greninja|95\/100 tox|[from] psn
|-damage|p1a: Bianca|64\/100 psn|[from] psn
|upkeep
|turn|15
|
|t:|1717467219
|switch|p1a: Miku Nakano|Gastrodon, F|79\/100
|move|p2a: Greninja|U-turn|p1a: Miku Nakano
|-damage|p1a: Miku Nakano|64\/100
|
|t:|1717467227
|switch|p2a: Blissey|Blissey, F|100\/100|[from] U-turn
|
|-heal|p1a: Miku Nakano|70\/100|[from] item: Leftovers
|upkeep
|turn|16
|
|t:|1717467235
|move|p2a: Blissey|Heal Bell|p2a: Blissey
|-activate|p2a: Blissey|move: Heal Bell
|-curestatus|p2: Greninja|tox|[msg]
|move|p1a: Miku Nakano|Infestation|p2a: Blissey
|-damage|p2a: Blissey|99\/100
|-activate|p2a: Blissey|move: Infestation|[of] p1a: Miku Nakano
|
|-heal|p2a: Blissey|100\/100|[from] item: Leftovers
|-heal|p1a: Miku Nakano|77\/100|[from] item: Leftovers
|-damage|p2a: Blissey|88\/100|[from] move: Infestation|[partiallytrapped]
|upkeep
|turn|17
|
|t:|1717467264
|move|p1a: Miku Nakano|Protect|p1a: Miku Nakano
|-singleturn|p1a: Miku Nakano|Protect
|move|p2a: Blissey|Seismic Toss|p1a: Miku Nakano
|-activate|p1a: Miku Nakano|move: Protect
|
|-heal|p2a: Blissey|94\/100|[from] item: Leftovers
|-heal|p1a: Miku Nakano|83\/100|[from] item: Leftovers
|-damage|p2a: Blissey|82\/100|[from] move: Infestation|[partiallytrapped]
|upkeep
|turn|18
|
|t:|1717467274
|move|p2a: Blissey|Seismic Toss|p1a: Miku Nakano
|-damage|p1a: Miku Nakano|59\/100
|move|p1a: Miku Nakano|Toxic|p2a: Blissey|[miss]
|-miss|p1a: Miku Nakano|p2a: Blissey
|
|-heal|p2a: Blissey|88\/100|[from] item: Leftovers
|-heal|p1a: Miku Nakano|65\/100|[from] item: Leftovers
|-damage|p2a: Blissey|75\/100|[from] move: Infestation|[partiallytrapped]
|upkeep
|turn|19
|
|t:|1717467286
|move|p2a: Blissey|Seismic Toss|p1a: Miku Nakano
|-damage|p1a: Miku Nakano|42\/100
|move|p1a: Miku Nakano|Toxic|p2a: Blissey
|-status|p2a: Blissey|tox
|
|-heal|p2a: Blissey|82\/100 tox|[from] item: Leftovers
|-heal|p1a: Miku Nakano|48\/100|[from] item: Leftovers
|-damage|p2a: Blissey|75\/100 tox|[from] psn
|-damage|p2a: Blissey|63\/100 tox|[from] move: Infestation|[partiallytrapped]
|upkeep
|turn|20
|
|t:|1717467297
|move|p1a: Miku Nakano|Protect|p1a: Miku Nakano
|-singleturn|p1a: Miku Nakano|Protect
|move|p2a: Blissey|Heal Bell|p2a: Blissey
|-activate|p2a: Blissey|move: Heal Bell
|-curestatus|p2a: Blissey|tox|[msg]
|
|-heal|p2a: Blissey|69\/100|[from] item: Leftovers
|-heal|p1a: Miku Nakano|54\/100|[from] item: Leftovers
|-end|p2a: Blissey|Infestation|[partiallytrapped]
|upkeep
|turn|21
|
|t:|1717467309
|move|p2a: Blissey|Seismic Toss|p1a: Miku Nakano
|-damage|p1a: Miku Nakano|31\/100
|move|p1a: Miku Nakano|Infestation|p2a: Blissey
|-damage|p2a: Blissey|67\/100
|-activate|p2a: Blissey|move: Infestation|[of] p1a: Miku Nakano
|
|-heal|p2a: Blissey|74\/100|[from] item: Leftovers
|-heal|p1a: Miku Nakano|37\/100|[from] item: Leftovers
|-damage|p2a: Blissey|61\/100|[from] move: Infestation|[partiallytrapped]
|upkeep
|turn|22
|
|t:|1717467332
|move|p2a: Blissey|Soft-Boiled|p2a: Blissey
|-heal|p2a: Blissey|100\/100
|move|p1a: Miku Nakano|Toxic|p2a: Blissey
|-status|p2a: Blissey|tox
|
|-heal|p1a: Miku Nakano|43\/100|[from] item: Leftovers
|-damage|p2a: Blissey|94\/100 tox|[from] psn
|-damage|p2a: Blissey|82\/100 tox|[from] move: Infestation|[partiallytrapped]
|upkeep
|turn|23
|
|t:|1717467341
|move|p2a: Blissey|Seismic Toss|p1a: Miku Nakano
|-damage|p1a: Miku Nakano|19\/100
|move|p1a: Miku Nakano|Recover|p1a: Miku Nakano
|-heal|p1a: Miku Nakano|69\/100
|
|-heal|p2a: Blissey|88\/100 tox|[from] item: Leftovers
|-heal|p1a: Miku Nakano|75\/100|[from] item: Leftovers
|-damage|p2a: Blissey|76\/100 tox|[from] psn
|-damage|p2a: Blissey|63\/100 tox|[from] move: Infestation|[partiallytrapped]
|upkeep
|turn|24
|
|t:|1717467357
|move|p1a: Miku Nakano|Protect|p1a: Miku Nakano
|-singleturn|p1a: Miku Nakano|Protect
|move|p2a: Blissey|Heal Bell|p2a: Blissey
|-activate|p2a: Blissey|move: Heal Bell
|-curestatus|p2a: Blissey|tox|[msg]
|
|-heal|p2a: Blissey|69\/100|[from] item: Leftovers
|-heal|p1a: Miku Nakano|81\/100|[from] item: Leftovers
|-damage|p2a: Blissey|57\/100|[from] move: Infestation|[partiallytrapped]
|upkeep
|turn|25
|
|t:|1717467380
|move|p2a: Blissey|Seismic Toss|p1a: Miku Nakano
|-damage|p1a: Miku Nakano|58\/100
|move|p1a: Miku Nakano|Toxic|p2a: Blissey|[miss]
|-miss|p1a: Miku Nakano|p2a: Blissey
|
|-heal|p2a: Blissey|63\/100|[from] item: Leftovers
|-heal|p1a: Miku Nakano|64\/100|[from] item: Leftovers
|-end|p2a: Blissey|Infestation|[partiallytrapped]
|upkeep
|turn|26
|l| son_of_ringo
|
|t:|1717467390
|move|p2a: Blissey|Seismic Toss|p1a: Miku Nakano
|-damage|p1a: Miku Nakano|41\/100
|move|p1a: Miku Nakano|Infestation|p2a: Blissey
|-damage|p2a: Blissey|61\/100
|-activate|p2a: Blissey|move: Infestation|[of] p1a: Miku Nakano
|
|-heal|p2a: Blissey|67\/100|[from] item: Leftovers
|-heal|p1a: Miku Nakano|47\/100|[from] item: Leftovers
|-damage|p2a: Blissey|55\/100|[from] move: Infestation|[partiallytrapped]
|upkeep
|turn|27
|
|t:|1717467403
|move|p2a: Blissey|Heal Bell||[still]
|-activate|p2a: Blissey|move: Heal Bell
|-fail|p2a: Blissey
|move|p1a: Miku Nakano|Toxic|p2a: Blissey
|-status|p2a: Blissey|tox
|
|-heal|p2a: Blissey|61\/100 tox|[from] item: Leftovers
|-heal|p1a: Miku Nakano|53\/100|[from] item: Leftovers
|-damage|p2a: Blissey|55\/100 tox|[from] psn
|-damage|p2a: Blissey|43\/100 tox|[from] move: Infestation|[partiallytrapped]
|upkeep
|turn|28
|
|t:|1717467415
|move|p2a: Blissey|Soft-Boiled|p2a: Blissey
|-heal|p2a: Blissey|93\/100 tox
|move|p1a: Miku Nakano|Recover|p1a: Miku Nakano
|-heal|p1a: Miku Nakano|100\/100
|
|-heal|p2a: Blissey|99\/100 tox|[from] item: Leftovers
|-damage|p2a: Blissey|86\/100 tox|[from] psn
|-damage|p2a: Blissey|74\/100 tox|[from] move: Infestation|[partiallytrapped]
|upkeep
|turn|29
|j| son_of_ringo
|c|☆moof710|LOL get me out of this
|
|t:|1717467449
|move|p2a: Blissey|Seismic Toss|p1a: Miku Nakano
|-damage|p1a: Miku Nakano|77\/100
|move|p1a: Miku Nakano|Toxic|p2a: Blissey
|-fail|p2a: Blissey|tox
|
|-heal|p2a: Blissey|80\/100 tox|[from] item: Leftovers
|-heal|p1a: Miku Nakano|83\/100|[from] item: Leftovers
|-damage|p2a: Blissey|62\/100 tox|[from] psn
|-damage|p2a: Blissey|49\/100 tox|[from] move: Infestation|[partiallytrapped]
|upkeep
|turn|30
|
|t:|1717467522
|move|p1a: Miku Nakano|Protect|p1a: Miku Nakano
|-singleturn|p1a: Miku Nakano|Protect
|move|p2a: Blissey|Toxic|p1a: Miku Nakano
|-activate|p1a: Miku Nakano|move: Protect
|
|-heal|p2a: Blissey|55\/100 tox|[from] item: Leftovers
|-heal|p1a: Miku Nakano|89\/100|[from] item: Leftovers
|-damage|p2a: Blissey|31\/100 tox|[from] psn
|-damage|p2a: Blissey|18\/100 tox|[from] move: Infestation|[partiallytrapped]
|upkeep
|turn|31
|
|t:|1717467544
|switch|p1a: Mt. Lady|Nidoqueen, F|100\/100
|move|p2a: Blissey|Soft-Boiled|p2a: Blissey
|-heal|p2a: Blissey|68\/100 tox
|
|-heal|p2a: Blissey|74\/100 tox|[from] item: Leftovers
|-damage|p2a: Blissey|43\/100 tox|[from] psn
|-end|p2a: Blissey|Infestation|[partiallytrapped]
|upkeep
|turn|32
|
|t:|1717467594
|move|p1a: Mt. Lady|Superpower|p2a: Blissey
|-supereffective|p2a: Blissey
|-damage|p2a: Blissey|0 fnt
|-unboost|p1a: Mt. Lady|atk|1
|-unboost|p1a: Mt. Lady|def|1
|faint|p2a: Blissey
|-damage|p1a: Mt. Lady|91\/100|[from] item: Life Orb
|
|upkeep
|
|t:|1717467615
|switch|p2a: Dugtrio|Dugtrio, F|100\/100
|turn|33
|
|t:|1717467665
|move|p2a: Dugtrio|Earthquake|p1a: Mt. Lady
|-supereffective|p1a: Mt. Lady
|-damage|p1a: Mt. Lady|0 fnt
|faint|p1a: Mt. Lady
|
|upkeep
|
|t:|1717467685
|switch|p1a: Haruhi|Azelf|100\/100
|turn|34
|
|t:|1717467692
|move|p1a: Haruhi|Ice Punch|p2a: Dugtrio
|-supereffective|p2a: Dugtrio
|-enditem|p2a: Dugtrio|Focus Sash
|-damage|p2a: Dugtrio|1\/100
|move|p2a: Dugtrio|Sludge Bomb|p1a: Haruhi
|-damage|p1a: Haruhi|87\/100
|
|upkeep
|turn|35
|
|t:|1717467710
|move|p1a: Haruhi|Ice Punch|p2a: Dugtrio
|-supereffective|p2a: Dugtrio
|-damage|p2a: Dugtrio|0 fnt
|faint|p2a: Dugtrio
|
|upkeep
|
|t:|1717467719
|switch|p2a: Greninja|Greninja, M|95\/100
|turn|36
|
|t:|1717467723
|switch|p1a: Miku Nakano|Gastrodon, F|89\/100
|move|p2a: Greninja|Dark Pulse|p1a: Miku Nakano
|-damage|p1a: Miku Nakano|53\/100
|
|-heal|p1a: Miku Nakano|59\/100|[from] item: Leftovers
|upkeep
|turn|37
|
|t:|1717467733
|switch|p2a: Amoonguss|Amoonguss, F|60\/100
|move|p1a: Miku Nakano|Infestation|p2a: Amoonguss
|-crit|p2a: Amoonguss
|-damage|p2a: Amoonguss|54\/100
|-activate|p2a: Amoonguss|move: Infestation|[of] p1a: Miku Nakano
|
|-heal|p1a: Miku Nakano|65\/100|[from] item: Leftovers
|-heal|p2a: Amoonguss|60\/100|[from] item: Black Sludge
|-damage|p2a: Amoonguss|48\/100|[from] move: Infestation|[partiallytrapped]
|upkeep
|turn|38
|
|t:|1717467743
|move|p1a: Miku Nakano|Protect|p1a: Miku Nakano
|-singleturn|p1a: Miku Nakano|Protect
|move|p2a: Amoonguss|Giga Drain|p1a: Miku Nakano
|-activate|p1a: Miku Nakano|move: Protect
|
|-heal|p1a: Miku Nakano|71\/100|[from] item: Leftovers
|-heal|p2a: Amoonguss|54\/100|[from] item: Black Sludge
|-damage|p2a: Amoonguss|42\/100|[from] move: Infestation|[partiallytrapped]
|upkeep
|turn|39
|
|t:|1717467759
|switch|p1a: Bianca|Latias, F|64\/100 psn
|move|p2a: Amoonguss|Giga Drain|p1a: Bianca
|-resisted|p1a: Bianca
|-damage|p1a: Bianca|55\/100 psn
|-heal|p2a: Amoonguss|45\/100|[from] drain|[of] p1a: Bianca
|
|-heal|p2a: Amoonguss|51\/100|[from] item: Black Sludge
|-damage|p1a: Bianca|43\/100 psn|[from] psn
|-end|p2a: Amoonguss|Infestation|[partiallytrapped]|[silent]
|upkeep
|turn|40
|
|t:|1717467788
|switch|p2a: Hydreigon|Hydreigon, M|100\/100
|move|p1a: Bianca|Recover|p1a: Bianca
|-heal|p1a: Bianca|93\/100 psn
|
|-damage|p1a: Bianca|81\/100 psn|[from] psn
|upkeep
|turn|41
|l| son_of_ringo
|
|t:|1717467798
|switch|p1a: Madoka|Klefki, F|100\/100
|move|p2a: Hydreigon|U-turn|p1a: Madoka
|-resisted|p1a: Madoka
|-damage|p1a: Madoka|95\/100
|j| son_of_ringo
|
|t:|1717467812
|switch|p2a: Amoonguss|Amoonguss, F|84\/100|[from] U-turn
|
|-heal|p2a: Amoonguss|91\/100|[from] item: Black Sludge
|upkeep
|turn|42
|
|t:|1717467819
|switch|p1a: Bianca|Latias, F|81\/100 psn
|move|p2a: Amoonguss|Spore|p1a: Bianca
|-activate|p1a: Bianca|item: Safety Goggles|Spore
|
|-heal|p2a: Amoonguss|97\/100|[from] item: Black Sludge
|-damage|p1a: Bianca|68\/100 psn|[from] psn
|upkeep
|turn|43
|
|t:|1717467832
|switch|p2a: Greninja|Greninja, M|95\/100
|move|p1a: Bianca|Toxic|p2a: Greninja
|-status|p2a: Greninja|tox
|
|-damage|p2a: Greninja|89\/100 tox|[from] psn
|-damage|p1a: Bianca|56\/100 psn|[from] psn
|upkeep
|turn|44
|
|t:|1717467841
|switch|p1a: Miku Nakano|Gastrodon, F|71\/100
|move|p2a: Greninja|U-turn|p1a: Miku Nakano
|-damage|p1a: Miku Nakano|57\/100
|
|t:|1717467847
|switch|p2a: Amoonguss|Amoonguss, F|100\/100|[from] U-turn
|
|-heal|p1a: Miku Nakano|63\/100|[from] item: Leftovers
|upkeep
|turn|45
|
|t:|1717467858
|switch|p1a: Bianca|Latias, F|56\/100 psn
|move|p2a: Amoonguss|Sludge Bomb|p1a: Bianca
|-damage|p1a: Bianca|35\/100 psn
|
|-damage|p1a: Bianca|22\/100 psn|[from] psn
|upkeep
|turn|46
|j| 6utter
|
|t:|1717467869
|move|p1a: Bianca|Recover|p1a: Bianca
|-heal|p1a: Bianca|72\/100 psn
|move|p2a: Amoonguss|Giga Drain|p1a: Bianca
|-resisted|p1a: Bianca
|-damage|p1a: Bianca|64\/100 psn
|
|-damage|p1a: Bianca|52\/100 psn|[from] psn
|upkeep
|turn|47
|
|t:|1717467885
|switch|p2a: Hydreigon|Hydreigon, M|100\/100
|move|p1a: Bianca|Safeguard|p1a: Bianca
|-sidestart|p1: TheWillager|Safeguard
|
|-damage|p1a: Bianca|40\/100 psn|[from] psn
|upkeep
|turn|48
|
|t:|1717467895
|switch|p1a: Madoka|Klefki, F|95\/100
|move|p2a: Hydreigon|U-turn|p1a: Madoka
|-resisted|p1a: Madoka
|-damage|p1a: Madoka|91\/100
|
|t:|1717467900
|switch|p2a: Amoonguss|Amoonguss, F|100\/100|[from] U-turn
|
|upkeep
|turn|49
|
|t:|1717467923
|switch|p2a: Hydreigon|Hydreigon, M|100\/100
|move|p1a: Madoka|Spikes|p2a: Hydreigon
|-sidestart|p2: moof710|Spikes
|
|upkeep
|turn|50
|
|t:|1717467969
|move|p2a: Hydreigon|Fire Blast|p1a: Madoka
|-supereffective|p1a: Madoka
|-enditem|p1a: Madoka|Occa Berry|[eat]
|-enditem|p1a: Madoka|Occa Berry|[weaken]
|-damage|p1a: Madoka|52\/100
|move|p1a: Madoka|Dazzling Gleam|p2a: Hydreigon
|-supereffective|p2a: Hydreigon
|-damage|p2a: Hydreigon|0 fnt
|faint|p2a: Hydreigon
|
|upkeep
|
|t:|1717467992
|switch|p2a: Amoonguss|Amoonguss, F|100\/100
|-damage|p2a: Amoonguss|88\/100|[from] Spikes
|turn|51
|
|t:|1717468018
|move|p1a: Madoka|Thunder Wave|p2a: Amoonguss
|-status|p2a: Amoonguss|par
|move|p2a: Amoonguss|Giga Drain|p1a: Madoka
|-resisted|p1a: Madoka
|-damage|p1a: Madoka|40\/100
|-heal|p2a: Amoonguss|92\/100 par|[from] drain|[of] p1a: Madoka
|
|-heal|p2a: Amoonguss|98\/100 par|[from] item: Black Sludge
|-sideend|p1: TheWillager|Safeguard
|upkeep
|turn|52
|
|t:|1717468063
|switch|p1a: Bianca|Latias, F|40\/100 psn
|move|p2a: Amoonguss|Giga Drain|p1a: Bianca
|-resisted|p1a: Bianca
|-damage|p1a: Bianca|31\/100 psn
|-heal|p2a: Amoonguss|100\/100 par|[from] drain|[of] p1a: Bianca
|
|-damage|p1a: Bianca|19\/100 psn|[from] psn
|upkeep
|turn|53
|
|t:|1717468074
|move|p1a: Bianca|Recover|p1a: Bianca
|-heal|p1a: Bianca|69\/100 psn
|move|p2a: Amoonguss|Sludge Bomb|p1a: Bianca
|-damage|p1a: Bianca|50\/100 psn
|
|-damage|p1a: Bianca|38\/100 psn|[from] psn
|upkeep
|turn|54
|
|t:|1717468084
|move|p1a: Bianca|Recover|p1a: Bianca
|-heal|p1a: Bianca|88\/100 psn
|move|p2a: Amoonguss|Sludge Bomb|p1a: Bianca
|-crit|p1a: Bianca
|-damage|p1a: Bianca|59\/100 psn
|
|-damage|p1a: Bianca|47\/100 psn|[from] psn
|upkeep
|turn|55
|l| Bman5422
|
|t:|1717468093
|move|p1a: Bianca|Recover|p1a: Bianca
|-heal|p1a: Bianca|97\/100 psn
|move|p2a: Amoonguss|Sludge Bomb|p1a: Bianca
|-damage|p1a: Bianca|76\/100 psn
|
|-damage|p1a: Bianca|64\/100 psn|[from] psn
|upkeep
|turn|56
|j| Bman5422
|
|t:|1717468101
|move|p1a: Bianca|Psyshock|p2a: Amoonguss
|-supereffective|p2a: Amoonguss
|-damage|p2a: Amoonguss|21\/100 par
|move|p2a: Amoonguss|Sludge Bomb|p1a: Bianca
|-damage|p1a: Bianca|43\/100 psn
|
|-heal|p2a: Amoonguss|27\/100 par|[from] item: Black Sludge
|-damage|p1a: Bianca|30\/100 psn|[from] psn
|upkeep
|turn|57
|
|t:|1717468115
|switch|p2a: Greninja|Greninja, M|89\/100 tox
|-damage|p2a: Greninja|76\/100 tox|[from] Spikes
|move|p1a: Bianca|Psyshock|p2a: Greninja
|-immune|p2a: Greninja
|
|-damage|p2a: Greninja|70\/100 tox|[from] psn
|-damage|p1a: Bianca|18\/100 psn|[from] psn
|upkeep
|turn|58
|
|t:|1717468129
|switch|p1a: Miku Nakano|Gastrodon, F|63\/100
|move|p2a: Greninja|Ice Beam|p1a: Miku Nakano
|-damage|p1a: Miku Nakano|38\/100
|
|-heal|p1a: Miku Nakano|44\/100|[from] item: Leftovers
|-damage|p2a: Greninja|59\/100 tox|[from] psn
|upkeep
|turn|59
|
|t:|1717468139
|move|p2a: Greninja|Ice Beam|p1a: Miku Nakano
|-damage|p1a: Miku Nakano|16\/100
|-status|p1a: Miku Nakano|frz
|cant|p1a: Miku Nakano|frz
|
|-heal|p1a: Miku Nakano|23\/100 frz|[from] item: Leftovers
|-damage|p2a: Greninja|41\/100 tox|[from] psn
|upkeep
|turn|60
|
|t:|1717468148
|cant|p1a: Miku Nakano|frz
|move|p2a: Greninja|Ice Beam|p1a: Miku Nakano
|-damage|p1a: Miku Nakano|0 fnt
|faint|p1a: Miku Nakano
|
|-damage|p2a: Greninja|17\/100 tox|[from] psn
|upkeep
|
|t:|1717468156
|switch|p1a: Haruhi|Azelf|87\/100
|turn|61
|
|t:|1717468171
|switch|p2a: Amoonguss|Amoonguss, F|60\/100 par
|-damage|p2a: Amoonguss|48\/100 par|[from] Spikes
|move|p1a: Haruhi|U-turn|p2a: Amoonguss
|-damage|p2a: Amoonguss|20\/100 par
|
|t:|1717468194
|switch|p1a: Bianca|Latias, F|18\/100 psn|[from] U-turn
|
|-heal|p2a: Amoonguss|26\/100 par|[from] item: Black Sludge
|-damage|p1a: Bianca|6\/100 psn|[from] psn
|upkeep
|turn|62
|
|t:|1717468205
|move|p1a: Bianca|Recover|p1a: Bianca
|-heal|p1a: Bianca|56\/100 psn
|move|p2a: Amoonguss|Sludge Bomb|p1a: Bianca
|-damage|p1a: Bianca|35\/100 psn
|
|-heal|p2a: Amoonguss|32\/100 par|[from] item: Black Sludge
|-damage|p1a: Bianca|23\/100 psn|[from] psn
|upkeep
|turn|63
|
|t:|1717468213
|move|p1a: Bianca|Recover|p1a: Bianca
|-heal|p1a: Bianca|73\/100 psn
|move|p2a: Amoonguss|Sludge Bomb|p1a: Bianca
|-damage|p1a: Bianca|54\/100 psn
|
|-heal|p2a: Amoonguss|38\/100 par|[from] item: Black Sludge
|-damage|p1a: Bianca|42\/100 psn|[from] psn
|upkeep
|turn|64
|
|t:|1717468229
|move|p1a: Bianca|Recover|p1a: Bianca
|-heal|p1a: Bianca|92\/100 psn
|move|p2a: Amoonguss|Sludge Bomb|p1a: Bianca
|-crit|p1a: Bianca
|-damage|p1a: Bianca|62\/100 psn
|
|-heal|p2a: Amoonguss|44\/100 par|[from] item: Black Sludge
|-damage|p1a: Bianca|50\/100 psn|[from] psn
|upkeep
|turn|65
|
|t:|1717468238
|move|p1a: Bianca|Psyshock|p2a: Amoonguss
|-supereffective|p2a: Amoonguss
|-damage|p2a: Amoonguss|0 fnt
|faint|p2a: Amoonguss
|
|-damage|p1a: Bianca|38\/100 psn|[from] psn
|upkeep
|
|t:|1717468244
|switch|p2a: Greninja|Greninja, M|17\/100 tox
|-damage|p2a: Greninja|5\/100 tox|[from] Spikes
|turn|66
|
|t:|1717468256
|switch|p1a: Madoka|Klefki, F|40\/100
|move|p2a: Greninja|Hydro Cannon|p1a: Madoka
|-damage|p1a: Madoka|0 fnt
|-mustrecharge|p2a: Greninja
|faint|p1a: Madoka
|
|-damage|p2a: Greninja|0 fnt|[from] psn
|faint|p2a: Greninja
|
|win|TheWillager
|upkeep
|c| son_of_ringo|gg
|c|☆TheWillager|gg
|c| seto slima|gg
|c| Joji27|gg

</script>
</div>
<div class="battle-log battle-log-inline"><div class="inner"><div class="battle-options"></div><div class="inner message-log"><div class="chat"><small>☆TheWillager and ☆moof710 joined</small></div><div class=""><small>Format:</small> <br><strong>[Gen 6] Draft</strong></div><div class=""><small><em>Sleep Clause Mod:</em> Limit one foe put to sleep</small></div><div class=""><small><em>OHKO Clause:</em> OHKO moves are banned</small></div><div class=""><small><em>Evasion Clause:</em> Evasion abilities, items, and moves are banned</small></div><div class=""><small><em>Evasion Abilities Clause:</em> Evasion abilities are banned</small></div><div class=""><small><em>Evasion Items Clause:</em> Evasion items are banned</small></div><div class=""><small><em>Evasion Moves Clause:</em> Evasion moves are banned</small></div><div class=""><small><em>Endless Battle Clause:</em> Forcing endless battles is banned</small></div><div class=""><small><em>HP Percentage Mod:</em> HP is shown in percentages</small></div><div class=""><small><em>Moody Clause:</em> Moody is banned</small></div><div class=""><small><em>Swagger Clause:</em> Swagger is banned</small></div><div class="chat battle-history"><strong>TheWillager's team:</strong> <em style="color:#445566;display:block;">Klefki / Nidoqueen / Latias / Starmie / Gastrodon / Azelf</em></div><div class="chat battle-history"><strong>moof710's team:</strong> <em style="color:#445566;display:block;">Greninja-* / Hydreigon / Blissey / Amoonguss / Dugtrio / Froslass</em></div><div class="chat"><small> ryanmali,  Kaiser Cauto,  son_of_ringo,  Bman5422,  crystopper_pkmn, and  Mattchumaniac44 joined</small></div><div class="chat chatmessage-thewillager"><strong style="color:#7d923a"><small>☆</small><span class="username" data-name="TheWillager">TheWillager</span>:</strong> <em>glhf~</em></div><div class="chat"><small> Bman5422 left</small></div><div class="spacer battle-history"><br></div><div class="battle-history">Battle started between TheWillager and moof710!<br></div><div class="spacer battle-history"><br></div><div class="battle-history">Go! Haruhi (<strong>Azelf</strong>)!<br></div><div class="spacer battle-history"><br></div><div class="battle-history">moof710 sent out <strong>Amoonguss</strong>!<br></div><div class="spacer battle-history"><br></div><h2 class="battle-history">Turn 1</h2><div class="chat"><small> Bman5422 and  seto slima joined</small></div><div class="spacer battle-history"><br></div><div class="battle-history">Haruhi used <strong>U-turn</strong>!<br></div><div class="battle-history"><small>(The opposing Amoonguss lost 29% of its health!)</small><br></div><div class="spacer battle-history"><br></div><div class="battle-history">Haruhi went back to TheWillager!<br></div><div class="battle-history">Go! Bianca (<strong>Latias</strong>)!<br></div><div class="spacer battle-history"><br></div><div class="battle-history">The opposing Amoonguss used <strong>Spore</strong>!<br></div><div class="battle-history"><small>Bianca is not affected by Spore thanks to its Safety Goggles!</small><br></div><div class="spacer battle-history"><br></div><div class="battle-history"><small>The opposing Amoonguss restored a little HP using its Black Sludge!</small><br></div><div class="spacer battle-history"><br></div><h2 class="battle-history">Turn 2</h2><div class="spacer battle-history"><br></div><div class="battle-history">moof710 withdrew Amoonguss!<br></div><div class="battle-history">moof710 sent out <strong>Blissey</strong>!<br></div><div class="spacer battle-history"><br></div><div class="battle-history">Bianca used <strong>Toxic</strong>!<br></div><div class="battle-history"><small>The opposing Blissey avoided the attack!</small><br></div><div class="spacer battle-history"><br></div><h2 class="battle-history">Turn 3</h2><div class="spacer battle-history"><br></div><div class="battle-history">Bianca used <strong>Safeguard</strong>!<br></div><div class="battle-history"><small>Your team cloaked itself in a mystical veil!</small><br></div><div class="spacer battle-history"><br></div><div class="battle-history">The opposing Blissey used <strong>Toxic</strong>!<br></div><div class="battle-history"><small>Bianca is protected by Safeguard!</small><br></div><div class="spacer battle-history"><br></div><h2 class="battle-history">Turn 4</h2><div class="chat chatmessage-sonofringo"><strong style="color:#8a8e0e"><small> </small><span class="username" data-name="son_of_ringo">son_of_ringo</span>:</strong> <em>holyyyyyyyyy</em></div><div class="chat chatmessage-crystopperpkmn"><strong style="color:#b08245"><small> </small><span class="username" data-name="crystopper_pkmn">crystopper_pkmn</span>:</strong> <em>bruh competing on top chef over here</em></div><div class="spacer battle-history"><br></div><div class="battle-history">moof710 withdrew Blissey!<br></div><div class="battle-history">moof710 sent out <strong>Froslass</strong>!<br></div><div class="spacer battle-history"><br></div><div class="battle-history">Bianca used <strong>Toxic</strong>!<br></div><div class="battle-history"><small>The opposing Froslass was badly poisoned!</small><br></div><div class="spacer battle-history"><br></div><div class="battle-history"><small>The opposing Froslass was hurt by poison!</small><br></div><div class="spacer battle-history"><br></div><h2 class="battle-history">Turn 5</h2><div class="spacer battle-history"><br></div><div class="battle-history">The opposing Froslass used <strong>Icy Wind</strong>!<br></div><div class="battle-history"><small>It's super effective!</small><br></div><div class="battle-history"><small>(Bianca lost 32% of its health!)</small><br></div><div class="battle-history"><small>Bianca's Speed fell!</small><br></div><div class="spacer battle-history"><br></div><div class="battle-history">Bianca used <strong>Psyshock</strong>!<br></div><div class="battle-history"><small>(The opposing Froslass lost 64% of its health!)</small><br></div><div class="spacer battle-history"><br></div><div class="battle-history"><small>The opposing Froslass was hurt by poison!</small><br></div><div class="spacer battle-history"><br></div><h2 class="battle-history">Turn 6</h2><div class="chat"><small> Joji27 joined</small></div><div class="spacer battle-history"><br></div><div class="battle-history">The opposing Froslass used <strong>Destiny Bond</strong>!<br></div><div class="battle-history"><small>The opposing Froslass is hoping to take its attacker down with it!</small><br></div><div class="spacer battle-history"><br></div><div class="battle-history">Bianca used <strong>Recover</strong>!<br></div><div class="battle-history"><small>Bianca had its HP restored.</small><br></div><div class="spacer battle-history"><br></div><div class="battle-history"><small>The opposing Froslass was hurt by poison!</small><br></div><div class="spacer battle-history"><br></div><div class="battle-history">The opposing Froslass fainted!<br></div><div class="chat chatmessage-moof710"><strong style="color:#3086ab"><small>☆</small><span class="username" data-name="moof710">moof710</span>:</strong> <em>fuuuuck</em></div><div class="chat chatmessage-mattchumaniac44"><strong style="color:#b3901d"><small> </small><span class="username" data-name="Mattchumaniac44">Mattchumaniac44</span>:</strong> <em>nt</em></div><div class="chat"><small> son_of_ringo left</small></div><div class="chat chatmessage-thewillager"><strong style="color:#7d923a"><small>☆</small><span class="username" data-name="TheWillager">TheWillager</span>:</strong> <em>ngl i had to google it rn</em></div><div class="chat"><small> son_of_ringo joined</small></div><div class="spacer battle-history"><br></div><div class="battle-history">moof710 sent out <strong>Greninja</strong>!<br></div><div class="spacer battle-history"><br></div><h2 class="battle-history">Turn 7</h2><div class="spacer battle-history"><br></div><div class="battle-history">Bianca, come back!<br></div><div class="battle-history">Go! Miku Nakano (<strong>Gastrodon</strong>)!<br></div><div class="spacer battle-history"><br></div><div class="battle-history">The opposing Greninja used <strong>Dark Pulse</strong>!<br></div><div class="battle-history"><small>(Miku Nakano lost 34% of its health!)</small><br></div><div class="spacer battle-history"><br></div><div class="battle-history"><small>Miku Nakano restored a little HP using its Leftovers!</small><br></div><div class="battle-history"><small>Your team is no longer protected by Safeguard!</small><br></div><div class="spacer battle-history"><br></div><h2 class="battle-history">Turn 8</h2><div class="spacer battle-history"><br></div><div class="battle-history">moof710 withdrew Greninja!<br></div><div class="battle-history">moof710 sent out <strong>Amoonguss</strong>!<br></div><div class="spacer battle-history"><br></div><div class="battle-history">Miku Nakano used <strong>Toxic</strong>!<br></div><div class="battle-history"><small>It doesn't affect the opposing Amoonguss...</small><br></div><div class="spacer battle-history"><br></div><div class="battle-history"><small>Miku Nakano restored a little HP using its Leftovers!</small><br></div><div class="spacer battle-history"><br></div><h2 class="battle-history">Turn 9</h2><div class="spacer battle-history"><br></div><div class="battle-history">Miku Nakano, come back!<br></div><div class="battle-history">Go! Bianca (<strong>Latias</strong>)!<br></div><div class="spacer battle-history"><br></div><div class="battle-history">The opposing Amoonguss used <strong>Spore</strong>!<br></div><div class="battle-history"><small>Bianca is not affected by Spore thanks to its Safety Goggles!</small><br></div><div class="spacer battle-history"><br></div><h2 class="battle-history">Turn 10</h2><div class="spacer battle-history"><br></div><div class="battle-history">Bianca used <strong>Toxic</strong>!<br></div><div class="battle-history"><small>It doesn't affect the opposing Amoonguss...</small><br></div><div class="spacer battle-history"><br></div><div class="battle-history">The opposing Amoonguss used <strong>Sludge Bomb</strong>!<br></div><div class="battle-history"><small>(Bianca lost 18% of its health!)</small><br></div><div class="spacer battle-history"><br></div><h2 class="battle-history">Turn 11</h2><div class="spacer battle-history"><br></div><div class="battle-history">Bianca used <strong>Psyshock</strong>!<br></div><div class="battle-history"><small>It's super effective!</small><br></div><div class="battle-history"><small>(The opposing Amoonguss lost 79% of its health!)</small><br></div><div class="spacer battle-history"><br></div><div class="battle-history">The opposing Amoonguss used <strong>Sludge Bomb</strong>!<br></div><div class="battle-history"><small>(Bianca lost 19% of its health!)</small><br></div><div class="battle-history"><small>Bianca was poisoned!</small><br></div><div class="spacer battle-history"><br></div><div class="battle-history"><small>The opposing Amoonguss restored a little HP using its Black Sludge!</small><br></div><div class="battle-history"><small>Bianca was hurt by poison!</small><br></div><div class="spacer battle-history"><br></div><h2 class="battle-history">Turn 12</h2><div class="chat"><small> son_of_ringo left</small></div><div class="spacer battle-history"><br></div><div class="battle-history">moof710 withdrew Amoonguss!<br></div><div class="battle-history">moof710 sent out <strong>Blissey</strong>!<br></div><div class="spacer battle-history"><br></div><div class="battle-history">Bianca used <strong>Toxic</strong>!<br></div><div class="battle-history"><small>The opposing Blissey was badly poisoned!</small><br></div><div class="spacer battle-history"><br></div><div class="battle-history"><small>Bianca was hurt by poison!</small><br></div><div class="battle-history"><small>The opposing Blissey was hurt by poison!</small><br></div><div class="spacer battle-history"><br></div><h2 class="battle-history">Turn 13</h2><div class="chat"><small> son_of_ringo joined</small></div><div class="spacer battle-history"><br></div><div class="battle-history">Bianca used <strong>Recover</strong>!<br></div><div class="battle-history"><small>Bianca had its HP restored.</small><br></div><div class="spacer battle-history"><br></div><div class="battle-history">The opposing Blissey used <strong>Heal Bell</strong>!<br></div><div class="battle-history"><small>A bell chimed!</small><br></div><div class="battle-history"><small>The opposing Blissey was cured of its poisoning!</small><br></div><div class="spacer battle-history"><br></div><div class="battle-history"><small>The opposing Blissey restored a little HP using its Leftovers!</small><br></div><div class="battle-history"><small>Bianca was hurt by poison!</small><br></div><div class="spacer battle-history"><br></div><h2 class="battle-history">Turn 14</h2><div class="spacer battle-history"><br></div><div class="battle-history">moof710 withdrew Blissey!<br></div><div class="battle-history">moof710 sent out <strong>Greninja</strong>!<br></div><div class="spacer battle-history"><br></div><div class="battle-history">Bianca used <strong>Toxic</strong>!<br></div><div class="battle-history"><small>The opposing Greninja was badly poisoned!</small><br></div><div class="spacer battle-history"><br></div><div class="battle-history"><small>The opposing Greninja was hurt by poison!</small><br></div><div class="battle-history"><small>Bianca was hurt by poison!</small><br></div><div class="spacer battle-history"><br></div><h2 class="battle-history">Turn 15</h2><div class="spacer battle-history"><br></div><div class="battle-history">Bianca, come back!<br></div><div class="battle-history">Go! Miku Nakano (<strong>Gastrodon</strong>)!<br></div><div class="spacer battle-history"><br></div><div class="battle-history">The opposing Greninja used <strong>U-turn</strong>!<br></div><div class="battle-history"><small>(Miku Nakano lost 15% of its health!)</small><br></div><div class="spacer battle-history"><br></div><div class="battle-history">The opposing Greninja went back to moof710!<br></div><div class="battle-history">moof710 sent out <strong>Blissey</strong>!<br></div><div class="spacer battle-history"><br></div><div class="battle-history"><small>Miku Nakano restored a little HP using its Leftovers!</small><br></div><div class="spacer battle-history"><br></div><h2 class="battle-history">Turn 16</h2><div class="spacer battle-history"><br></div><div class="battle-history">The opposing Blissey used <strong>Heal Bell</strong>!<br></div><div class="battle-history"><small>A bell chimed!</small><br></div><div class="battle-history"><small>The opposing Greninja was cured of its poisoning!</small><br></div><div class="spacer battle-history"><br></div><div class="battle-history">Miku Nakano used <strong>Infestation</strong>!<br></div><div class="battle-history"><small>(The opposing Blissey lost 1% of its health!)</small><br></div><div class="battle-history"><small>The opposing Blissey has been afflicted with an infestation by Miku Nakano!</small><br></div><div class="spacer battle-history"><br></div><div class="battle-history"><small>The opposing Blissey restored a little HP using its Leftovers!</small><br></div><div class="battle-history"><small>Miku Nakano restored a little HP using its Leftovers!</small><br></div><div class="battle-history"><small>The opposing Blissey is hurt by Infestation!</small><br></div><div class="spacer battle-history"><br></div><h2 class="battle-history">Turn 17</h2><div class="spacer battle-history"><br></div><div class="battle-history">Miku Nakano used <strong>Protect</strong>!<br></div><div class="battle-history"><small>Miku Nakano protected itself!</small><br></div><div class="spacer battle-history"><br></div><div class="battle-history">The opposing Blissey used <strong>Seismic Toss</strong>!<br></div><div class="battle-history"><small>Miku Nakano protected itself!</small><br></div><div class="spacer battle-history"><br></div><div class="battle-history"><small>The opposing Blissey restored a little HP using its Leftovers!</small><br></div><div class="battle-history"><small>Miku Nakano restored a little HP using its Leftovers!</small><br></div><div class="battle-history"><small>The opposing Blissey is hurt by Infestation!</small><br></div><div class="spacer battle-history"><br></div><h2 class="battle-history">Turn 18</h2><div class="spacer battle-history"><br></div><div class="battle-history">The opposing Blissey used <strong>Seismic Toss</strong>!<br></div><div class="battle-history"><small>(Miku Nakano lost 24% of its health!)</small><br></div><div class="spacer battle-history"><br></div><div class="battle-history">Miku Nakano used <strong>Toxic</strong>!<br></div><div class="battle-history"><small>The opposing Blissey avoided the attack!</small><br></div><div class="spacer battle-history"><br></div><div class="battle-history"><small>The opposing Blissey restored a little HP using its Leftovers!</small><br></div><div class="battle-history"><small>Miku Nakano restored a little HP using its Leftovers!</small><br></div><div class="battle-history"><small>The opposing Blissey is hurt by Infestation!</small><br></div><div class="spacer battle-history"><br></div><h2 class="battle-history">Turn 19</h2><div class="spacer battle-history"><br></div><div class="battle-history">The opposing Blissey used <strong>Seismic Toss</strong>!<br></div><div class="battle-history"><small>(Miku Nakano lost 23% of its health!)</small><br></div><div class="spacer battle-history"><br></div><div class="battle-history">Miku Nakano used <strong>Toxic</strong>!<br></div><div class="battle-history"><small>The opposing Blissey was badly poisoned!</small><br></div><div class="spacer battle-history"><br></div><div class="battle-history"><small>The opposing Blissey restored a little HP using its Leftovers!</small><br></div><div class="battle-history"><small>Miku Nakano restored a little HP using its Leftovers!</small><br></div><div class="battle-history"><small>The opposing Blissey was hurt by poison!</small><br></div><div class="battle-history"><small>The opposing Blissey is hurt by Infestation!</small><br></div><div class="spacer battle-history"><br></div><h2 class="battle-history">Turn 20</h2><div class="spacer battle-history"><br></div><div class="battle-history">Miku Nakano used <strong>Protect</strong>!<br></div><div class="battle-history"><small>Miku Nakano protected itself!</small><br></div><div class="spacer battle-history"><br></div><div class="battle-history">The opposing Blissey used <strong>Heal Bell</strong>!<br></div><div class="battle-history"><small>A bell chimed!</small><br></div><div class="battle-history"><small>The opposing Blissey was cured of its poisoning!</small><br></div><div class="spacer battle-history"><br></div><div class="battle-history"><small>The opposing Blissey restored a little HP using its Leftovers!</small><br></div><div class="battle-history"><small>Miku Nakano restored a little HP using its Leftovers!</small><br></div><div class="battle-history"><small>The opposing Blissey was freed from Infestation!</small><br></div><div class="spacer battle-history"><br></div><h2 class="battle-history">Turn 21</h2><div class="spacer battle-history"><br></div><div class="battle-history">The opposing Blissey used <strong>Seismic Toss</strong>!<br></div><div class="battle-history"><small>(Miku Nakano lost 23% of its health!)</small><br></div><div class="spacer battle-history"><br></div><div class="battle-history">Miku Nakano used <strong>Infestation</strong>!<br></div><div class="battle-history"><small>(The opposing Blissey lost 2% of its health!)</small><br></div><div class="battle-history"><small>The opposing Blissey has been afflicted with an infestation by Miku Nakano!</small><br></div><div class="spacer battle-history"><br></div><div class="battle-history"><small>The opposing Blissey restored a little HP using its Leftovers!</small><br></div><div class="battle-history"><small>Miku Nakano restored a little HP using its Leftovers!</small><br></div><div class="battle-history"><small>The opposing Blissey is hurt by Infestation!</small><br></div><div class="spacer battle-history"><br></div><h2 class="battle-history">Turn 22</h2><div class="spacer battle-history"><br></div><div class="battle-history">The opposing Blissey used <strong>Soft-Boiled</strong>!<br></div><div class="battle-history"><small>The opposing Blissey had its HP restored.</small><br></div><div class="spacer battle-history"><br></div><div class="battle-history">Miku Nakano used <strong>Toxic</strong>!<br></div><div class="battle-history"><small>The opposing Blissey was badly poisoned!</small><br></div><div class="spacer battle-history"><br></div><div class="battle-history"><small>Miku Nakano restored a little HP using its Leftovers!</small><br></div><div class="battle-history"><small>The opposing Blissey was hurt by poison!</small><br></div><div class="battle-history"><small>The opposing Blissey is hurt by Infestation!</small><br></div><div class="spacer battle-history"><br></div><h2 class="battle-history">Turn 23</h2><div class="spacer battle-history"><br></div><div class="battle-history">The opposing Blissey used <strong>Seismic Toss</strong>!<br></div><div class="battle-history"><small>(Miku Nakano lost 24% of its health!)</small><br></div><div class="spacer battle-history"><br></div><div class="battle-history">Miku Nakano used <strong>Recover</strong>!<br></div><div class="battle-history"><small>Miku Nakano had its HP restored.</small><br></div><div class="spacer battle-history"><br></div><div class="battle-history"><small>The opposing Blissey restored a little HP using its Leftovers!</small><br></div><div class="battle-history"><small>Miku Nakano restored a little HP using its Leftovers!</small><br></div><div class="battle-history"><small>The opposing Blissey was hurt by poison!</small><br></div><div class="battle-history"><small>The opposing Blissey is hurt by Infestation!</small><br></div><div class="spacer battle-history"><br></div><h2 class="battle-history">Turn 24</h2><div class="spacer battle-history"><br></div><div class="battle-history">Miku Nakano used <strong>Protect</strong>!<br></div><div class="battle-history"><small>Miku Nakano protected itself!</small><br></div><div class="spacer battle-history"><br></div><div class="battle-history">The opposing Blissey used <strong>Heal Bell</strong>!<br></div><div class="battle-history"><small>A bell chimed!</small><br></div><div class="battle-history"><small>The opposing Blissey was cured of its poisoning!</small><br></div><div class="spacer battle-history"><br></div><div class="battle-history"><small>The opposing Blissey restored a little HP using its Leftovers!</small><br></div><div class="battle-history"><small>Miku Nakano restored a little HP using its Leftovers!</small><br></div><div class="battle-history"><small>The opposing Blissey is hurt by Infestation!</small><br></div><div class="spacer battle-history"><br></div><h2 class="battle-history">Turn 25</h2><div class="spacer battle-history"><br></div><div class="battle-history">The opposing Blissey used <strong>Seismic Toss</strong>!<br></div><div class="battle-history"><small>(Miku Nakano lost 23% of its health!)</small><br></div><div class="spacer battle-history"><br></div><div class="battle-history">Miku Nakano used <strong>Toxic</strong>!<br></div><div class="battle-history"><small>The opposing Blissey avoided the attack!</small><br></div><div class="spacer battle-history"><br></div><div class="battle-history"><small>The opposing Blissey restored a little HP using its Leftovers!</small><br></div><div class="battle-history"><small>Miku Nakano restored a little HP using its Leftovers!</small><br></div><div class="battle-history"><small>The opposing Blissey was freed from Infestation!</small><br></div><div class="spacer battle-history"><br></div><h2 class="battle-history">Turn 26</h2><div class="chat"><small> son_of_ringo left</small></div><div class="spacer battle-history"><br></div><div class="battle-history">The opposing Blissey used <strong>Seismic Toss</strong>!<br></div><div class="battle-history"><small>(Miku Nakano lost 23% of its health!)</small><br></div><div class="spacer battle-history"><br></div><div class="battle-history">Miku Nakano used <strong>Infestation</strong>!<br></div><div class="battle-history"><small>(The opposing Blissey lost 2% of its health!)</small><br></div><div class="battle-history"><small>The opposing Blissey has been afflicted with an infestation by Miku Nakano!</small><br></div><div class="spacer battle-history"><br></div><div class="battle-history"><small>The opposing Blissey restored a little HP using its Leftovers!</small><br></div><div class="battle-history"><small>Miku Nakano restored a little HP using its Leftovers!</small><br></div><div class="battle-history"><small>The opposing Blissey is hurt by Infestation!</small><br></div><div class="spacer battle-history"><br></div><h2 class="battle-history">Turn 27</h2><div class="spacer battle-history"><br></div><div class="battle-history">The opposing Blissey used <strong>Heal Bell</strong>!<br></div><div class="battle-history"><small>A bell chimed!</small><br></div><div class="battle-history"><small>But it failed!</small><br></div><div class="spacer battle-history"><br></div><div class="battle-history">Miku Nakano used <strong>Toxic</strong>!<br></div><div class="battle-history"><small>The opposing Blissey was badly poisoned!</small><br></div><div class="spacer battle-history"><br></div><div class="battle-history"><small>The opposing Blissey restored a little HP using its Leftovers!</small><br></div><div class="battle-history"><small>Miku Nakano restored a little HP using its Leftovers!</small><br></div><div class="battle-history"><small>The opposing Blissey was hurt by poison!</small><br></div><div class="battle-history"><small>The opposing Blissey is hurt by Infestation!</small><br></div><div class="spacer battle-history"><br></div><h2 class="battle-history">Turn 28</h2><div class="spacer battle-history"><br></div><div class="battle-history">The opposing Blissey used <strong>Soft-Boiled</strong>!<br></div><div class="battle-history"><small>The opposing Blissey had its HP restored.</small><br></div><div class="spacer battle-history"><br></div><div class="battle-history">Miku Nakano used <strong>Recover</strong>!<br></div><div class="battle-history"><small>Miku Nakano had its HP restored.</small><br></div><div class="spacer battle-history"><br></div><div class="battle-history"><small>The opposing Blissey restored a little HP using its Leftovers!</small><br></div><div class="battle-history"><small>The opposing Blissey was hurt by poison!</small><br></div><div class="battle-history"><small>The opposing Blissey is hurt by Infestation!</small><br></div><div class="spacer battle-history"><br></div><h2 class="battle-history">Turn 29</h2><div class="chat"><small> son_of_ringo joined</small></div><div class="chat chatmessage-moof710"><strong style="color:#3086ab"><small>☆</small><span class="username" data-name="moof710">moof710</span>:</strong> <em>LOL get me out of this</em></div><div class="spacer battle-history"><br></div><div class="battle-history">The opposing Blissey used <strong>Seismic Toss</strong>!<br></div><div class="battle-history"><small>(Miku Nakano lost 23% of its health!)</small><br></div><div class="spacer battle-history"><br></div><div class="battle-history">Miku Nakano used <strong>Toxic</strong>!<br></div><div class="battle-history"><small>But it failed!</small><br></div><div class="spacer battle-history"><br></div><div class="battle-history"><small>The opposing Blissey restored a little HP using its Leftovers!</small><br></div><div class="battle-history"><small>Miku Nakano restored a little HP using its Leftovers!</small><br></div><div class="battle-history"><small>The opposing Blissey was hurt by poison!</small><br></div><div class="battle-history"><small>The opposing Blissey is hurt by Infestation!</small><br></div><div class="spacer battle-history"><br></div><h2 class="battle-history">Turn 30</h2><div class="spacer battle-history"><br></div><div class="battle-history">Miku Nakano used <strong>Protect</strong>!<br></div><div class="battle-history"><small>Miku Nakano protected itself!</small><br></div><div class="spacer battle-history"><br></div><div class="battle-history">The opposing Blissey used <strong>Toxic</strong>!<br></div><div class="battle-history"><small>Miku Nakano protected itself!</small><br></div><div class="spacer battle-history"><br></div><div class="battle-history"><small>The opposing Blissey restored a little HP using its Leftovers!</small><br></div><div class="battle-history"><small>Miku Nakano restored a little HP using its Leftovers!</small><br></div><div class="battle-history"><small>The opposing Blissey was hurt by poison!</small><br></div><div class="battle-history"><small>The opposing Blissey is hurt by Infestation!</small><br></div><div class="spacer battle-history"><br></div><h2 class="battle-history">Turn 31</h2><div class="spacer battle-history"><br></div><div class="battle-history">Miku Nakano, come back!<br></div><div class="battle-history">Go! Mt. Lady (<strong>Nidoqueen</strong>)!<br></div><div class="spacer battle-history"><br></div><div class="battle-history">The opposing Blissey used <strong>Soft-Boiled</strong>!<br></div><div class="battle-history"><small>The opposing Blissey had its HP restored.</small><br></div><div class="spacer battle-history"><br></div><div class="battle-history"><small>The opposing Blissey restored a little HP using its Leftovers!</small><br></div><div class="battle-history"><small>The opposing Blissey was hurt by poison!</small><br></div><div class="battle-history"><small>The opposing Blissey was freed from Infestation!</small><br></div><div class="spacer battle-history"><br></div><h2 class="battle-history">Turn 32</h2><div class="spacer battle-history"><br></div><div class="battle-history">Mt. Lady used <strong>Superpower</strong>!<br></div><div class="battle-history"><small>It's super effective!</small><br></div><div class="battle-history"><small>(The opposing Blissey lost 43% of its health!)</small><br></div><div class="battle-history"><small>Mt. Lady's Attack fell!</small><br></div><div class="battle-history"><small>Mt. Lady's Defense fell!</small><br></div><div class="spacer battle-history"><br></div><div class="battle-history">The opposing Blissey fainted!<br></div><div class="battle-history"><small>Mt. Lady lost some of its HP!</small><br></div><div class="spacer battle-history"><br></div><div class="battle-history">moof710 sent out <strong>Dugtrio</strong>!<br></div><div class="spacer battle-history"><br></div><h2 class="battle-history">Turn 33</h2><div class="spacer battle-history"><br></div><div class="battle-history">The opposing Dugtrio used <strong>Earthquake</strong>!<br></div><div class="battle-history"><small>It's super effective!</small><br></div><div class="battle-history"><small>(Mt. Lady lost 91% of its health!)</small><br></div><div class="spacer battle-history"><br></div><div class="battle-history">Mt. Lady fainted!<br></div><div class="spacer battle-history"><br></div><div class="battle-history">Go! Haruhi (<strong>Azelf</strong>)!<br></div><div class="spacer battle-history"><br></div><h2 class="battle-history">Turn 34</h2><div class="spacer battle-history"><br></div><div class="battle-history">Haruhi used <strong>Ice Punch</strong>!<br></div><div class="battle-history"><small>It's super effective!</small><br></div><div class="battle-history"><small>The opposing Dugtrio hung on using its Focus Sash!</small><br></div><div class="battle-history"><small>(The opposing Dugtrio lost 99% of its health!)</small><br></div><div class="spacer battle-history"><br></div><div class="battle-history">The opposing Dugtrio used <strong>Sludge Bomb</strong>!<br></div><div class="battle-history"><small>(Haruhi lost 13% of its health!)</small><br></div><div class="spacer battle-history"><br></div><h2 class="battle-history">Turn 35</h2><div class="spacer battle-history"><br></div><div class="battle-history">Haruhi used <strong>Ice Punch</strong>!<br></div><div class="battle-history"><small>It's super effective!</small><br></div><div class="battle-history"><small>(The opposing Dugtrio lost 1% of its health!)</small><br></div><div class="spacer battle-history"><br></div><div class="battle-history">The opposing Dugtrio fainted!<br></div><div class="spacer battle-history"><br></div><div class="battle-history">moof710 sent out <strong>Greninja</strong>!<br></div><div class="spacer battle-history"><br></div><h2 class="battle-history">Turn 36</h2><div class="spacer battle-history"><br></div><div class="battle-history">Haruhi, come back!<br></div><div class="battle-history">Go! Miku Nakano (<strong>Gastrodon</strong>)!<br></div><div class="spacer battle-history"><br></div><div class="battle-history">The opposing Greninja used <strong>Dark Pulse</strong>!<br></div><div class="battle-history"><small>(Miku Nakano lost 36% of its health!)</small><br></div><div class="spacer battle-history"><br></div><div class="battle-history"><small>Miku Nakano restored a little HP using its Leftovers!</small><br></div><div class="spacer battle-history"><br></div><h2 class="battle-history">Turn 37</h2><div class="spacer battle-history"><br></div><div class="battle-history">moof710 withdrew Greninja!<br></div><div class="battle-history">moof710 sent out <strong>Amoonguss</strong>!<br></div><div class="spacer battle-history"><br></div><div class="battle-history">Miku Nakano used <strong>Infestation</strong>!<br></div><div class="battle-history"><small>A critical hit!</small><br></div><div class="battle-history"><small>(The opposing Amoonguss lost 6% of its health!)</small><br></div><div class="battle-history"><small>The opposing Amoonguss has been afflicted with an infestation by Miku Nakano!</small><br></div><div class="spacer battle-history"><br></div><div class="battle-history"><small>Miku Nakano restored a little HP using its Leftovers!</small><br></div><div class="battle-history"><small>The opposing Amoonguss restored a little HP using its Black Sludge!</small><br></div><div class="battle-history"><small>The opposing Amoonguss is hurt by Infestation!</small><br></div><div class="spacer battle-history"><br></div><h2 class="battle-history">Turn 38</h2><div class="spacer battle-history"><br></div><div class="battle-history">Miku Nakano used <strong>Protect</strong>!<br></div><div class="battle-history"><small>Miku Nakano protected itself!</small><br></div><div class="spacer battle-history"><br></div><div class="battle-history">The opposing Amoonguss used <strong>Giga Drain</strong>!<br></div><div class="battle-history"><small>Miku Nakano protected itself!</small><br></div><div class="spacer battle-history"><br></div><div class="battle-history"><small>Miku Nakano restored a little HP using its Leftovers!</small><br></div><div class="battle-history"><small>The opposing Amoonguss restored a little HP using its Black Sludge!</small><br></div><div class="battle-history"><small>The opposing Amoonguss is hurt by Infestation!</small><br></div><div class="spacer battle-history"><br></div><h2 class="battle-history">Turn 39</h2><div class="spacer battle-history"><br></div><div class="battle-history">Miku Nakano, come back!<br></div><div class="battle-history">Go! Bianca (<strong>Latias</strong>)!<br></div><div class="spacer battle-history"><br></div><div class="battle-history">The opposing Amoonguss used <strong>Giga Drain</strong>!<br></div><div class="battle-history"><small>It's not very effective...</small><br></div><div class="battle-history"><small>(Bianca lost 9% of its health!)</small><br></div><div class="battle-history"><small>Bianca had its energy drained!</small><br></div><div class="spacer battle-history"><br></div><div class="battle-history"><small>The opposing Amoonguss restored a little HP using its Black Sludge!</small><br></div><div class="battle-history"><small>Bianca was hurt by poison!</small><br></div><div class="spacer battle-history"><br></div><h2 class="battle-history">Turn 40</h2><div class="spacer battle-history"><br></div><div class="battle-history">moof710 withdrew Amoonguss!<br></div><div class="battle-history">moof710 sent out <strong>Hydreigon</strong>!<br></div><div class="spacer battle-history"><br></div><div class="battle-history">Bianca used <strong>Recover</strong>!<br></div><div class="battle-history"><small>Bianca had its HP restored.</small><br></div><div class="spacer battle-history"><br></div><div class="battle-history"><small>Bianca was hurt by poison!</small><br></div><div class="spacer battle-history"><br></div><h2 class="battle-history">Turn 41</h2><div class="chat"><small> son_of_ringo left</small></div><div class="spacer battle-history"><br></div><div class="battle-history">Bianca, come back!<br></div><div class="battle-history">Go! Madoka (<strong>Klefki</strong>)!<br></div><div class="spacer battle-history"><br></div><div class="battle-history">The opposing Hydreigon used <strong>U-turn</strong>!<br></div><div class="battle-history"><small>It's not very effective...</small><br></div><div class="battle-history"><small>(Madoka lost 5% of its health!)</small><br></div><div class="chat"><small> son_of_ringo joined</small></div><div class="spacer battle-history"><br></div><div class="battle-history">The opposing Hydreigon went back to moof710!<br></div><div class="battle-history">moof710 sent out <strong>Amoonguss</strong>!<br></div><div class="spacer battle-history"><br></div><div class="battle-history"><small>The opposing Amoonguss restored a little HP using its Black Sludge!</small><br></div><div class="spacer battle-history"><br></div><h2 class="battle-history">Turn 42</h2><div class="spacer battle-history"><br></div><div class="battle-history">Madoka, come back!<br></div><div class="battle-history">Go! Bianca (<strong>Latias</strong>)!<br></div><div class="spacer battle-history"><br></div><div class="battle-history">The opposing Amoonguss used <strong>Spore</strong>!<br></div><div class="battle-history"><small>Bianca is not affected by Spore thanks to its Safety Goggles!</small><br></div><div class="spacer battle-history"><br></div><div class="battle-history"><small>The opposing Amoonguss restored a little HP using its Black Sludge!</small><br></div><div class="battle-history"><small>Bianca was hurt by poison!</small><br></div><div class="spacer battle-history"><br></div><h2 class="battle-history">Turn 43</h2><div class="spacer battle-history"><br></div><div class="battle-history">moof710 withdrew Amoonguss!<br></div><div class="battle-history">moof710 sent out <strong>Greninja</strong>!<br></div><div class="spacer battle-history"><br></div><div class="battle-history">Bianca used <strong>Toxic</strong>!<br></div><div class="battle-history"><small>The opposing Greninja was badly poisoned!</small><br></div><div class="spacer battle-history"><br></div><div class="battle-history"><small>The opposing Greninja was hurt by poison!</small><br></div><div class="battle-history"><small>Bianca was hurt by poison!</small><br></div><div class="spacer battle-history"><br></div><h2 class="battle-history">Turn 44</h2><div class="spacer battle-history"><br></div><div class="battle-history">Bianca, come back!<br></div><div class="battle-history">Go! Miku Nakano (<strong>Gastrodon</strong>)!<br></div><div class="spacer battle-history"><br></div><div class="battle-history">The opposing Greninja used <strong>U-turn</strong>!<br></div><div class="battle-history"><small>(Miku Nakano lost 14% of its health!)</small><br></div><div class="spacer battle-history"><br></div><div class="battle-history">The opposing Greninja went back to moof710!<br></div><div class="battle-history">moof710 sent out <strong>Amoonguss</strong>!<br></div><div class="spacer battle-history"><br></div><div class="battle-history"><small>Miku Nakano restored a little HP using its Leftovers!</small><br></div><div class="spacer battle-history"><br></div><h2 class="battle-history">Turn 45</h2><div class="spacer battle-history"><br></div><div class="battle-history">Miku Nakano, come back!<br></div><div class="battle-history">Go! Bianca (<strong>Latias</strong>)!<br></div><div class="spacer battle-history"><br></div><div class="battle-history">The opposing Amoonguss used <strong>Sludge Bomb</strong>!<br></div><div class="battle-history"><small>(Bianca lost 21% of its health!)</small><br></div><div class="spacer battle-history"><br></div><div class="battle-history"><small>Bianca was hurt by poison!</small><br></div><div class="spacer battle-history"><br></div><h2 class="battle-history">Turn 46</h2><div class="chat"><small> 6utter joined</small></div><div class="spacer battle-history"><br></div><div class="battle-history">Bianca used <strong>Recover</strong>!<br></div><div class="battle-history"><small>Bianca had its HP restored.</small><br></div><div class="spacer battle-history"><br></div><div class="battle-history">The opposing Amoonguss used <strong>Giga Drain</strong>!<br></div><div class="battle-history"><small>It's not very effective...</small><br></div><div class="battle-history"><small>(Bianca lost 8% of its health!)</small><br></div><div class="spacer battle-history"><br></div><div class="battle-history"><small>Bianca was hurt by poison!</small><br></div><div class="spacer battle-history"><br></div><h2 class="battle-history">Turn 47</h2><div class="spacer battle-history"><br></div><div class="battle-history">moof710 withdrew Amoonguss!<br></div><div class="battle-history">moof710 sent out <strong>Hydreigon</strong>!<br></div><div class="spacer battle-history"><br></div><div class="battle-history">Bianca used <strong>Safeguard</strong>!<br></div><div class="battle-history"><small>Your team cloaked itself in a mystical veil!</small><br></div><div class="spacer battle-history"><br></div><div class="battle-history"><small>Bianca was hurt by poison!</small><br></div><div class="spacer battle-history"><br></div><h2 class="battle-history">Turn 48</h2><div class="spacer battle-history"><br></div><div class="battle-history">Bianca, come back!<br></div><div class="battle-history">Go! Madoka (<strong>Klefki</strong>)!<br></div><div class="spacer battle-history"><br></div><div class="battle-history">The opposing Hydreigon used <strong>U-turn</strong>!<br></div><div class="battle-history"><small>It's not very effective...</small><br></div><div class="battle-history"><small>(Madoka lost 4% of its health!)</small><br></div><div class="spacer battle-history"><br></div><div class="battle-history">The opposing Hydreigon went back to moof710!<br></div><div class="battle-history">moof710 sent out <strong>Amoonguss</strong>!<br></div><div class="spacer battle-history"><br></div><h2 class="battle-history">Turn 49</h2><div class="spacer battle-history"><br></div><div class="battle-history">moof710 withdrew Amoonguss!<br></div><div class="battle-history">moof710 sent out <strong>Hydreigon</strong>!<br></div><div class="spacer battle-history"><br></div><div class="battle-history">Madoka used <strong>Spikes</strong>!<br></div><div class="battle-history"><small>Spikes were scattered on the ground all around the opposing team!</small><br></div><div class="spacer battle-history"><br></div><h2 class="battle-history">Turn 50</h2><div class="spacer battle-history"><br></div><div class="battle-history">The opposing Hydreigon used <strong>Fire Blast</strong>!<br></div><div class="battle-history"><small>It's super effective!</small><br></div><div class="battle-history"><small>(Madoka ate its Occa Berry!)</small><br></div><div class="battle-history"><small>The Occa Berry weakened the damage to Madoka!</small><br></div><div class="battle-history"><small>(Madoka lost 39% of its health!)</small><br></div><div class="spacer battle-history"><br></div><div class="battle-history">Madoka used <strong>Dazzling Gleam</strong>!<br></div><div class="battle-history"><small>It's super effective!</small><br></div><div class="battle-history"><small>(The opposing Hydreigon lost 100% of its health!)</small><br></div><div class="spacer battle-history"><br></div><div class="battle-history">The opposing Hydreigon fainted!<br></div><div class="spacer battle-history"><br></div><div class="battle-history">moof710 sent out <strong>Amoonguss</strong>!<br></div><div class="battle-history"><small>The opposing Amoonguss was hurt by the spikes!</small><br></div><div class="spacer battle-history"><br></div><h2 class="battle-history">Turn 51</h2><div class="spacer battle-history"><br></div><div class="battle-history">Madoka used <strong>Thunder Wave</strong>!<br></div><div class="battle-history"><small>The opposing Amoonguss is paralyzed! It may be unable to move!</small><br></div><div class="spacer battle-history"><br></div><div class="battle-history">The opposing Amoonguss used <strong>Giga Drain</strong>!<br></div><div class="battle-history"><small>It's not very effective...</small><br></div><div class="battle-history"><small>(Madoka lost 12% of its health!)</small><br></div><div class="battle-history"><small>Madoka had its energy drained!</small><br></div><div class="spacer battle-history"><br></div><div class="battle-history"><small>The opposing Amoonguss restored a little HP using its Black Sludge!</small><br></div><div class="battle-history"><small>Your team is no longer protected by Safeguard!</small><br></div><div class="spacer battle-history"><br></div><h2 class="battle-history">Turn 52</h2><div class="spacer battle-history"><br></div><div class="battle-history">Madoka, come back!<br></div><div class="battle-history">Go! Bianca (<strong>Latias</strong>)!<br></div><div class="spacer battle-history"><br></div><div class="battle-history">The opposing Amoonguss used <strong>Giga Drain</strong>!<br></div><div class="battle-history"><small>It's not very effective...</small><br></div><div class="battle-history"><small>(Bianca lost 9% of its health!)</small><br></div><div class="battle-history"><small>Bianca had its energy drained!</small><br></div><div class="spacer battle-history"><br></div><div class="battle-history"><small>Bianca was hurt by poison!</small><br></div><div class="spacer battle-history"><br></div><h2 class="battle-history">Turn 53</h2><div class="spacer battle-history"><br></div><div class="battle-history">Bianca used <strong>Recover</strong>!<br></div><div class="battle-history"><small>Bianca had its HP restored.</small><br></div><div class="spacer battle-history"><br></div><div class="battle-history">The opposing Amoonguss used <strong>Sludge Bomb</strong>!<br></div><div class="battle-history"><small>(Bianca lost 19% of its health!)</small><br></div><div class="spacer battle-history"><br></div><div class="battle-history"><small>Bianca was hurt by poison!</small><br></div><div class="spacer battle-history"><br></div><h2 class="battle-history">Turn 54</h2><div class="spacer battle-history"><br></div><div class="battle-history">Bianca used <strong>Recover</strong>!<br></div><div class="battle-history"><small>Bianca had its HP restored.</small><br></div><div class="spacer battle-history"><br></div><div class="battle-history">The opposing Amoonguss used <strong>Sludge Bomb</strong>!<br></div><div class="battle-history"><small>A critical hit!</small><br></div><div class="battle-history"><small>(Bianca lost 29% of its health!)</small><br></div><div class="spacer battle-history"><br></div><div class="battle-history"><small>Bianca was hurt by poison!</small><br></div><div class="spacer battle-history"><br></div><h2 class="battle-history">Turn 55</h2><div class="chat"><small> Bman5422 left</small></div><div class="spacer battle-history"><br></div><div class="battle-history">Bianca used <strong>Recover</strong>!<br></div><div class="battle-history"><small>Bianca had its HP restored.</small><br></div><div class="spacer battle-history"><br></div><div class="battle-history">The opposing Amoonguss used <strong>Sludge Bomb</strong>!<br></div><div class="battle-history"><small>(Bianca lost 21% of its health!)</small><br></div><div class="spacer battle-history"><br></div><div class="battle-history"><small>Bianca was hurt by poison!</small><br></div><div class="spacer battle-history"><br></div><h2 class="battle-history">Turn 56</h2><div class="chat"><small> Bman5422 joined</small></div><div class="spacer battle-history"><br></div><div class="battle-history">Bianca used <strong>Psyshock</strong>!<br></div><div class="battle-history"><small>It's super effective!</small><br></div><div class="battle-history"><small>(The opposing Amoonguss lost 79% of its health!)</small><br></div><div class="spacer battle-history"><br></div><div class="battle-history">The opposing Amoonguss used <strong>Sludge Bomb</strong>!<br></div><div class="battle-history"><small>(Bianca lost 21% of its health!)</small><br></div><div class="spacer battle-history"><br></div><div class="battle-history"><small>The opposing Amoonguss restored a little HP using its Black Sludge!</small><br></div><div class="battle-history"><small>Bianca was hurt by poison!</small><br></div><div class="spacer battle-history"><br></div><h2 class="battle-history">Turn 57</h2><div class="spacer battle-history"><br></div><div class="battle-history">moof710 withdrew Amoonguss!<br></div><div class="battle-history">moof710 sent out <strong>Greninja</strong>!<br></div><div class="battle-history"><small>The opposing Greninja was hurt by the spikes!</small><br></div><div class="spacer battle-history"><br></div><div class="battle-history">Bianca used <strong>Psyshock</strong>!<br></div><div class="battle-history"><small>It doesn't affect the opposing Greninja...</small><br></div><div class="spacer battle-history"><br></div><div class="battle-history"><small>The opposing Greninja was hurt by poison!</small><br></div><div class="battle-history"><small>Bianca was hurt by poison!</small><br></div><div class="spacer battle-history"><br></div><h2 class="battle-history">Turn 58</h2><div class="spacer battle-history"><br></div><div class="battle-history">Bianca, come back!<br></div><div class="battle-history">Go! Miku Nakano (<strong>Gastrodon</strong>)!<br></div><div class="spacer battle-history"><br></div><div class="battle-history">The opposing Greninja used <strong>Ice Beam</strong>!<br></div><div class="battle-history"><small>(Miku Nakano lost 25% of its health!)</small><br></div><div class="spacer battle-history"><br></div><div class="battle-history"><small>Miku Nakano restored a little HP using its Leftovers!</small><br></div><div class="battle-history"><small>The opposing Greninja was hurt by poison!</small><br></div><div class="spacer battle-history"><br></div><h2 class="battle-history">Turn 59</h2><div class="spacer battle-history"><br></div><div class="battle-history">The opposing Greninja used <strong>Ice Beam</strong>!<br></div><div class="battle-history"><small>(Miku Nakano lost 28% of its health!)</small><br></div><div class="battle-history"><small>Miku Nakano was frozen solid!</small><br></div><div class="spacer battle-history"><br></div><div class="battle-history">Miku Nakano is frozen solid!<br></div><div class="spacer battle-history"><br></div><div class="battle-history"><small>Miku Nakano restored a little HP using its Leftovers!</small><br></div><div class="battle-history"><small>The opposing Greninja was hurt by poison!</small><br></div><div class="spacer battle-history"><br></div><h2 class="battle-history">Turn 60</h2><div class="spacer battle-history"><br></div><div class="battle-history">Miku Nakano is frozen solid!<br></div><div class="spacer battle-history"><br></div><div class="battle-history">The opposing Greninja used <strong>Ice Beam</strong>!<br></div><div class="battle-history"><small>(Miku Nakano lost 23% of its health!)</small><br></div><div class="spacer battle-history"><br></div><div class="battle-history">Miku Nakano fainted!<br></div><div class="spacer battle-history"><br></div><div class="battle-history"><small>The opposing Greninja was hurt by poison!</small><br></div><div class="spacer battle-history"><br></div><div class="battle-history">Go! Haruhi (<strong>Azelf</strong>)!<br></div><div class="spacer battle-history"><br></div><h2 class="battle-history">Turn 61</h2><div class="spacer battle-history"><br></div><div class="battle-history">moof710 withdrew Greninja!<br></div><div class="battle-history">moof710 sent out <strong>Amoonguss</strong>!<br></div><div class="battle-history"><small>The opposing Amoonguss was hurt by the spikes!</small><br></div><div class="spacer battle-history"><br></div><div class="battle-history">Haruhi used <strong>U-turn</strong>!<br></div><div class="battle-history"><small>(The opposing Amoonguss lost 28% of its health!)</small><br></div><div class="spacer battle-history"><br></div><div class="battle-history">Haruhi went back to TheWillager!<br></div><div class="battle-history">Go! Bianca (<strong>Latias</strong>)!<br></div><div class="spacer battle-history"><br></div><div class="battle-history"><small>The opposing Amoonguss restored a little HP using its Black Sludge!</small><br></div><div class="battle-history"><small>Bianca was hurt by poison!</small><br></div><div class="spacer battle-history"><br></div><h2 class="battle-history">Turn 62</h2><div class="spacer battle-history"><br></div><div class="battle-history">Bianca used <strong>Recover</strong>!<br></div><div class="battle-history"><small>Bianca had its HP restored.</small><br></div><div class="spacer battle-history"><br></div><div class="battle-history">The opposing Amoonguss used <strong>Sludge Bomb</strong>!<br></div><div class="battle-history"><small>(Bianca lost 21% of its health!)</small><br></div><div class="spacer battle-history"><br></div><div class="battle-history"><small>The opposing Amoonguss restored a little HP using its Black Sludge!</small><br></div><div class="battle-history"><small>Bianca was hurt by poison!</small><br></div><div class="spacer battle-history"><br></div><h2 class="battle-history">Turn 63</h2><div class="spacer battle-history"><br></div><div class="battle-history">Bianca used <strong>Recover</strong>!<br></div><div class="battle-history"><small>Bianca had its HP restored.</small><br></div><div class="spacer battle-history"><br></div><div class="battle-history">The opposing Amoonguss used <strong>Sludge Bomb</strong>!<br></div><div class="battle-history"><small>(Bianca lost 19% of its health!)</small><br></div><div class="spacer battle-history"><br></div><div class="battle-history"><small>The opposing Amoonguss restored a little HP using its Black Sludge!</small><br></div><div class="battle-history"><small>Bianca was hurt by poison!</small><br></div><div class="spacer battle-history"><br></div><h2 class="battle-history">Turn 64</h2><div class="spacer battle-history"><br></div><div class="battle-history">Bianca used <strong>Recover</strong>!<br></div><div class="battle-history"><small>Bianca had its HP restored.</small><br></div><div class="spacer battle-history"><br></div><div class="battle-history">The opposing Amoonguss used <strong>Sludge Bomb</strong>!<br></div><div class="battle-history"><small>A critical hit!</small><br></div><div class="battle-history"><small>(Bianca lost 30% of its health!)</small><br></div><div class="spacer battle-history"><br></div><div class="battle-history"><small>The opposing Amoonguss restored a little HP using its Black Sludge!</small><br></div><div class="battle-history"><small>Bianca was hurt by poison!</small><br></div><div class="spacer battle-history"><br></div><h2 class="battle-history">Turn 65</h2><div class="spacer battle-history"><br></div><div class="battle-history">Bianca used <strong>Psyshock</strong>!<br></div><div class="battle-history"><small>It's super effective!</small><br></div><div class="battle-history"><small>(The opposing Amoonguss lost 44% of its health!)</small><br></div><div class="spacer battle-history"><br></div><div class="battle-history">The opposing Amoonguss fainted!<br></div><div class="spacer battle-history"><br></div><div class="battle-history"><small>Bianca was hurt by poison!</small><br></div><div class="spacer battle-history"><br></div><div class="battle-history">moof710 sent out <strong>Greninja</strong>!<br></div><div class="battle-history"><small>The opposing Greninja was hurt by the spikes!</small><br></div><div class="spacer battle-history"><br></div><h2 class="battle-history">Turn 66</h2><div class="spacer battle-history"><br></div><div class="battle-history">Bianca, come back!<br></div><div class="battle-history">Go! Madoka (<strong>Klefki</strong>)!<br></div><div class="spacer battle-history"><br></div><div class="battle-history">The opposing Greninja used <strong>Hydro Cannon</strong>!<br></div><div class="battle-history"><small>(Madoka lost 40% of its health!)</small><br></div><div class="spacer battle-history"><br></div><div class="battle-history">Madoka fainted!<br></div><div class="spacer battle-history"><br></div><div class="battle-history"><small>The opposing Greninja was hurt by poison!</small><br></div><div class="spacer battle-history"><br></div><div class="battle-history">The opposing Greninja fainted!<br></div><div class="spacer battle-history"><br></div><div class="battle-history"><strong>TheWillager</strong> won the battle!<br></div><div class="chat chatmessage-sonofringo"><strong style="color:#8a8e0e"><small> </small><span class="username" data-name="son_of_ringo">son_of_ringo</span>:</strong> <em>gg</em></div><div class="chat chatmessage-thewillager"><strong style="color:#7d923a"><small>☆</small><span class="username" data-name="TheWillager">TheWillager</span>:</strong> <em>gg</em></div><div class="chat chatmessage-setoslima"><strong style="color:#c318b8"><small> </small><span class="username" data-name="seto slima">seto slima</span>:</strong> <em>gg</em></div><div class="chat chatmessage-joji27"><strong style="color:#b95d46"><small> </small><span class="username" data-name="Joji27">Joji27</span>:</strong> <em>gg</em></div></div><div class="inner-preempt message-log"></div></div></div>
</div>
<script>
let daily = Math.floor(Date.now()/1000/60/60/24);document.write('<script src="https://play.pokemonshowdown.com/js/replay-embed.js?version'+daily+'"></'+'script>');
</script>
