<!DOCTYPE html>
<meta charset="utf-8" />
<!-- version 1 -->
<title>[Gen 6] Draft replay: crystopper_pkmn vs. Mattchumaniac44</title>
<style>
html,body {font-family:Verdana, sans-serif;font-size:10pt;margin:0;padding:0;}body{padding:12px 0;} .battle-log {font-family:Verdana, sans-serif;font-size:10pt;} .battle-log-inline {border:1px solid #AAAAAA;background:#EEF2F5;color:black;max-width:640px;margin:0 auto 80px;padding-bottom:5px;} .battle-log .inner {padding:4px 8px 0px 8px;} .battle-log .inner-preempt {padding:0 8px 4px 8px;} .battle-log .inner-after {margin-top:0.5em;} .battle-log h2 {margin:0.5em -8px;padding:4px 8px;border:1px solid #AAAAAA;background:#E0E7EA;border-left:0;border-right:0;font-family:Verdana, sans-serif;font-size:13pt;} .battle-log .chat {vertical-align:middle;padding:3px 0 3px 0;font-size:8pt;} .battle-log .chat strong {color:#40576A;} .battle-log .chat em {padding:1px 4px 1px 3px;color:#000000;font-style:normal;} .chat.mine {background:rgba(0,0,0,0.05);margin-left:-8px;margin-right:-8px;padding-left:8px;padding-right:8px;} .spoiler {color:#BBBBBB;background:#BBBBBB;padding:0px 3px;} .spoiler:hover, .spoiler:active, .spoiler-shown {color:#000000;background:#E2E2E2;padding:0px 3px;} .spoiler a {color:#BBBBBB;} .spoiler:hover a, .spoiler:active a, .spoiler-shown a {color:#2288CC;} .chat code, .chat .spoiler:hover code, .chat .spoiler:active code, .chat .spoiler-shown code {border:1px solid #C0C0C0;background:#EEEEEE;color:black;padding:0 2px;} .chat .spoiler code {border:1px solid #CCCCCC;background:#CCCCCC;color:#CCCCCC;} .battle-log .rated {padding:3px 4px;} .battle-log .rated strong {color:white;background:#89A;padding:1px 4px;border-radius:4px;} .spacer {margin-top:0.5em;} .message-announce {background:#6688AA;color:white;padding:1px 4px 2px;} .message-announce a, .broadcast-green a, .broadcast-blue a, .broadcast-red a {color:#DDEEFF;} .broadcast-green {background-color:#559955;color:white;padding:2px 4px;} .broadcast-blue {background-color:#6688AA;color:white;padding:2px 4px;} .infobox {border:1px solid #6688AA;padding:2px 4px;} .infobox-limited {max-height:200px;overflow:auto;overflow-x:hidden;} .broadcast-red {background-color:#AA5544;color:white;padding:2px 4px;} .message-learn-canlearn {font-weight:bold;color:#228822;text-decoration:underline;} .message-learn-cannotlearn {font-weight:bold;color:#CC2222;text-decoration:underline;} .message-effect-weak {font-weight:bold;color:#CC2222;} .message-effect-resist {font-weight:bold;color:#6688AA;} .message-effect-immune {font-weight:bold;color:#666666;} .message-learn-list {margin-top:0;margin-bottom:0;} .message-throttle-notice, .message-error {color:#992222;} .message-overflow, .chat small.message-overflow {font-size:0pt;} .message-overflow::before {font-size:9pt;content:'...';} .subtle {color:#3A4A66;}
</style>
<div class="wrapper replay-wrapper" style="max-width:1180px;margin:0 auto">
<input type="hidden" name="replayid" value="gen6draft-2157583228" />
<div class="battle"></div><div class="battle-log"></div><div class="replay-controls"></div><div class="replay-controls-2"></div>
<h1 style="font-weight:normal;text-align:center"><strong>[Gen 6] Draft</strong><br /><a href="http://pokemonshowdown.com/users/crystopperpkmn" class="subtle" target="_blank">crystopper_pkmn</a> vs. <a href="http://pokemonshowdown.com/users/mattchumaniac44" class="subtle" target="_blank">Mattchumaniac44</a></h1>
<script type="text/plain" class="battle-log-data">
|j|☆crystopper_pkmn
|j|☆Mattchumaniac44
|t:|1720487018
|gametype|singles
|player|p1|crystopper_pkmn|bugcatcher-gen4dp|
|player|p2|Mattchumaniac44|veteran|
|teamsize|p1|6
|teamsize|p2|6
|gen|6
|tier|[Gen 6] Draft
|rule|Sleep Clause Mod: Limit one foe put to sleep
|rule|OHKO Clause: OHKO moves are banned
|rule|Evasion Clause: Evasion abilities, items, and moves are banned
|rule|Evasion Abilities Clause: Evasion abilities are banned
|rule|Evasion Items Clause: Evasion items are banned
|rule|Evasion Moves Clause: Evasion moves are banned
|rule|Endless Battle Clause: Forcing endless battles is banned
|rule|HP Percentage Mod: HP is shown in percentages
|rule|Moody Clause: Moody is banned
|rule|Swagger Clause: Swagger is banned
|clearpoke
|poke|p1|Celebi|item
|poke|p1|Tauros, M|item
|poke|p1|Sylveon, F|item
|poke|p1|Moltres|item
|poke|p1|Landorus-Therian, M|item
|poke|p1|Raikou|item
|poke|p2|Garchomp, F|item
|poke|p2|Roselia, F|item
|poke|p2|Metagross|item
|poke|p2|Rotom-Heat|item
|poke|p2|Zapdos|item
|poke|p2|Umbreon, F|item
|teampreview
|j| bman5422
|j| tomatotommaso
|j| Kaiser Cauto
|j| Notabot1234
|j| TheWillager
|c| TheWillager|ger
|c| Notabot1234|Who up jorkin they peanits rn
|c| Kaiser Cauto|gl guys!
|c|☆crystopper_pkmn|well importing over from damage calc reset 2 nicknames
|j| Jmils9
|c| tomatotommaso|matt tryna hide roselia back there
|c| tomatotommaso|sneaky sneaky
|c|☆Mattchumaniac44|enemy spotted
|c|☆crystopper_pkmn|celebi should be named flores and moltres should be named ash
|c|☆Mattchumaniac44|Counter Terrorists Win
|c|☆crystopper_pkmn|i did my work
|c|☆Mattchumaniac44|gl hf
|c|☆crystopper_pkmn|u2
|
|t:|1720487124
|start
|switch|p1a: Blitz|Raikou|100\/100
|switch|p2a: Mf Spittin|Rotom-Heat|100\/100
|-ability|p1a: Blitz|Pressure
|turn|1
|
|t:|1720487161
|move|p1a: Blitz|Thunderbolt|p2a: Mf Spittin
|-resisted|p2a: Mf Spittin
|-damage|p2a: Mf Spittin|81\/100
|move|p2a: Mf Spittin|Toxic|p1a: Blitz
|-status|p1a: Blitz|tox
|
|-heal|p2a: Mf Spittin|87\/100|[from] item: Leftovers
|-damage|p1a: Blitz|94\/100 tox|[from] psn
|upkeep
|turn|2
|
|t:|1720487180
|switch|p1a: Moltres|Moltres|100\/100
|-ability|p1a: Moltres|Pressure
|move|p2a: Mf Spittin|Volt Switch|p1a: Moltres
|-supereffective|p1a: Moltres
|-damage|p1a: Moltres|61\/100
|c| Notabot1234|this mf spittin
|
|t:|1720487245
|switch|p2a: Lethal Dosage|Zapdos|100\/100|[from] Volt Switch
|
|upkeep
|turn|3
|
|t:|1720487254
|switch|p1a: Celebi|Celebi|100\/100
|move|p2a: Lethal Dosage|Volt Switch|p1a: Celebi
|-resisted|p1a: Celebi
|-damage|p1a: Celebi|88\/100
|
|t:|1720487309
|switch|p2a: Mf Spittin|Rotom-Heat|87\/100|[from] Volt Switch
|
|-heal|p2a: Mf Spittin|93\/100|[from] item: Leftovers
|upkeep
|turn|4
|
|t:|1720487339
|move|p1a: Celebi|Stealth Rock|p2a: Mf Spittin
|-sidestart|p2: Mattchumaniac44|move: Stealth Rock
|move|p2a: Mf Spittin|Overheat|p1a: Celebi
|-supereffective|p1a: Celebi
|-damage|p1a: Celebi|7\/100
|-unboost|p2a: Mf Spittin|spa|2
|
|-heal|p2a: Mf Spittin|99\/100|[from] item: Leftovers
|upkeep
|turn|5
|j| son_of_ringo
|
|t:|1720487366
|switch|p1a: Zofia|Sylveon, F|100\/100
|move|p2a: Mf Spittin|Volt Switch|p1a: Zofia
|-damage|p1a: Zofia|91\/100
|
|t:|1720487379
|switch|p2a: Juggernaut|Metagross|100\/100|[from] Volt Switch
|-damage|p2a: Juggernaut|94\/100|[from] Stealth Rock
|
|upkeep
|turn|6
|
|t:|1720487418
|switch|p1a: Montagne|Landorus-Therian, M|100\/100
|-ability|p1a: Montagne|Intimidate|boost
|-fail|p2a: Juggernaut|unboost|[from] ability: Clear Body|[of] p2a: Juggernaut
|move|p2a: Juggernaut|Stealth Rock|p1a: Montagne
|-sidestart|p1: crystopper_pkmn|move: Stealth Rock
|
|upkeep
|turn|7
|
|t:|1720487425
|switch|p2a: Lethal Dosage|Zapdos|100\/100
|-damage|p2a: Lethal Dosage|75\/100|[from] Stealth Rock
|move|p1a: Montagne|Swords Dance|p1a: Montagne
|-boost|p1a: Montagne|atk|2
|
|upkeep
|turn|8
|
|t:|1720487441
|move|p2a: Lethal Dosage|Hidden Power|p1a: Montagne
|-supereffective|p1a: Montagne
|-damage|p1a: Montagne|23\/100
|move|p1a: Montagne|Knock Off|p2a: Lethal Dosage
|-damage|p2a: Lethal Dosage|8\/100
|-damage|p1a: Montagne|7\/100|[from] item: Rocky Helmet|[of] p2a: Lethal Dosage
|-enditem|p2a: Lethal Dosage|Rocky Helmet|[from] move: Knock Off|[of] p1a: Montagne
|
|upkeep
|turn|9
|
|t:|1720487460
|switch|p1a: Blitz|Raikou|94\/100 tox
|-damage|p1a: Blitz|82\/100 tox|[from] Stealth Rock
|-ability|p1a: Blitz|Pressure
|move|p2a: Lethal Dosage|Hidden Power|p1a: Blitz
|-damage|p1a: Blitz|64\/100 tox
|
|-damage|p1a: Blitz|58\/100 tox|[from] psn
|upkeep
|turn|10
|
|t:|1720487480
|move|p1a: Blitz|Hidden Power|p2a: Lethal Dosage
|-supereffective|p2a: Lethal Dosage
|-damage|p2a: Lethal Dosage|0 fnt
|faint|p2a: Lethal Dosage
|
|-damage|p1a: Blitz|46\/100 tox|[from] psn
|upkeep
|
|t:|1720487516
|switch|p2a: MCR|Roselia, F, shiny|100\/100
|-damage|p2a: MCR|88\/100|[from] Stealth Rock
|turn|11
|c| Notabot1234|When I was
|c| Jmils9|a yong mon
|c| Notabot1234|my trainer
|
|t:|1720487545
|move|p1a: Blitz|Hidden Power|p2a: MCR
|-supereffective|p2a: MCR
|-damage|p2a: MCR|61\/100
|move|p2a: MCR|Sludge Bomb|p1a: Blitz
|-crit|p1a: Blitz
|-damage|p1a: Blitz|0 fnt
|faint|p1a: Blitz
|
|upkeep
|
|t:|1720487555
|switch|p1a: Moltres|Moltres|61\/100
|-damage|p1a: Moltres|11\/100|[from] Stealth Rock
|-ability|p1a: Moltres|Pressure
|turn|12
|
|t:|1720487579
|switch|p2a: Mf Spittin|Rotom-Heat|99\/100
|-damage|p2a: Mf Spittin|74\/100|[from] Stealth Rock
|move|p1a: Moltres|Defog|p2a: Mf Spittin
|-unboost|p2a: Mf Spittin|evasion|1
|-sideend|p2: Mattchumaniac44|Stealth Rock|[from] move: Defog|[of] p1a: Moltres
|-sideend|p1: crystopper_pkmn|Stealth Rock|[from] move: Defog|[of] p1a: Moltres
|
|-heal|p2a: Mf Spittin|80\/100|[from] item: Leftovers
|upkeep
|turn|13
|
|t:|1720487595
|move|p2a: Mf Spittin|Toxic|p1a: Moltres|[miss]
|-miss|p2a: Mf Spittin|p1a: Moltres
|move|p1a: Moltres|Roost|p1a: Moltres
|-heal|p1a: Moltres|62\/100
|-singleturn|p1a: Moltres|move: Roost
|
|-heal|p2a: Mf Spittin|86\/100|[from] item: Leftovers
|upkeep
|turn|14
|
|t:|1720487606
|move|p2a: Mf Spittin|Volt Switch|p1a: Moltres
|-supereffective|p1a: Moltres
|-damage|p1a: Moltres|23\/100
|
|t:|1720487616
|switch|p2a: Midna|Umbreon, F|100\/100|[from] Volt Switch
|move|p1a: Moltres|Roost|p1a: Moltres
|-heal|p1a: Moltres|74\/100
|-singleturn|p1a: Moltres|move: Roost
|
|upkeep
|turn|15
|
|t:|1720487627
|switch|p2a: Mf Spittin|Rotom-Heat|86\/100
|move|p1a: Moltres|Tailwind|p1a: Moltres
|-sidestart|p1: crystopper_pkmn|move: Tailwind
|
|-heal|p2a: Mf Spittin|92\/100|[from] item: Leftovers
|upkeep
|turn|16
|
|t:|1720487639
|move|p1a: Moltres|Roost|p1a: Moltres
|-heal|p1a: Moltres|100\/100
|-singleturn|p1a: Moltres|move: Roost
|move|p2a: Mf Spittin|Toxic|p1a: Moltres
|-status|p1a: Moltres|tox
|
|-heal|p2a: Mf Spittin|98\/100|[from] item: Leftovers
|-damage|p1a: Moltres|94\/100 tox|[from] psn
|upkeep
|turn|17
|
|t:|1720487656
|switch|p1a: Zofia|Sylveon, F|91\/100
|move|p2a: Mf Spittin|Toxic|p1a: Zofia
|-status|p1a: Zofia|tox
|
|-heal|p2a: Mf Spittin|100\/100|[from] item: Leftovers
|-damage|p1a: Zofia|84\/100 tox|[from] psn
|upkeep
|turn|18
|c| Jmils9|Toxic - Britney Spears
|j| 6utter
|
|t:|1720487682
|move|p1a: Zofia|Shadow Ball|p2a: Mf Spittin
|-damage|p2a: Mf Spittin|67\/100
|move|p2a: Mf Spittin|Volt Switch|p1a: Zofia
|-damage|p1a: Zofia|66\/100 tox
|
|t:|1720487714
|switch|p2a: MCR|Roselia, F, shiny|61\/100|[from] Volt Switch
|
|-damage|p1a: Zofia|54\/100 tox|[from] psn
|-sideend|p1: crystopper_pkmn|move: Tailwind
|upkeep
|turn|19
|
|t:|1720487723
|switch|p1a: Moltres|Moltres|94\/100 tox
|-ability|p1a: Moltres|Pressure
|move|p2a: MCR|Spikes|p1a: Moltres
|-sidestart|p1: crystopper_pkmn|Spikes
|
|-damage|p1a: Moltres|88\/100 tox|[from] psn
|upkeep
|turn|20
|l| 6utter
|
|t:|1720487736
|switch|p2a: Mf Spittin|Rotom-Heat|67\/100
|move|p1a: Moltres|Defog|p2a: Mf Spittin
|-unboost|p2a: Mf Spittin|evasion|1
|-sideend|p1: crystopper_pkmn|Spikes|[from] move: Defog|[of] p1a: Moltres
|
|-heal|p2a: Mf Spittin|73\/100|[from] item: Leftovers
|-damage|p1a: Moltres|76\/100 tox|[from] psn
|upkeep
|turn|21
|
|t:|1720487756
|move|p2a: Mf Spittin|Overheat|p1a: Moltres
|-resisted|p1a: Moltres
|-damage|p1a: Moltres|58\/100 tox
|-unboost|p2a: Mf Spittin|spa|2
|move|p1a: Moltres|U-turn|p2a: Mf Spittin
|-resisted|p2a: Mf Spittin
|-damage|p2a: Mf Spittin|64\/100
|
|t:|1720487787
|switch|p1a: Sledge|Tauros, M|100\/100|[from] U-turn
|-ability|p1a: Sledge|Intimidate|boost
|-unboost|p2a: Mf Spittin|atk|1
|
|-heal|p2a: Mf Spittin|70\/100|[from] item: Leftovers
|upkeep
|turn|22
|
|t:|1720487838
|switch|p2a: Midna|Umbreon, F|100\/100
|move|p1a: Sledge|Double-Edge|p2a: Midna
|-damage|p2a: Midna|49\/100
|-damage|p1a: Sledge|78\/100|[from] Recoil
|-damage|p1a: Sledge|69\/100|[from] item: Life Orb
|
|-heal|p2a: Midna|55\/100|[from] item: Leftovers
|upkeep
|turn|23
|
|t:|1720487866
|switch|p1a: Zofia|Sylveon, F|54\/100 tox
|move|p2a: Midna|Wish|p2a: Midna
|
|-heal|p2a: Midna|61\/100|[from] item: Leftovers
|-damage|p1a: Zofia|48\/100 tox|[from] psn
|upkeep
|turn|24
|
|t:|1720487874
|move|p2a: Midna|Protect|p2a: Midna
|-singleturn|p2a: Midna|Protect
|move|p1a: Zofia|Heal Bell|p1a: Zofia
|-activate|p1a: Zofia|move: Heal Bell
|-curestatus|p1a: Zofia|tox|[msg]
|-curestatus|p1: Moltres|tox|[msg]
|
|-heal|p2a: Midna|100\/100|[from] move: Wish|[wisher] Midna
|upkeep
|turn|25
|
|t:|1720487908
|switch|p1a: Moltres|Moltres|58\/100
|-ability|p1a: Moltres|Pressure
|move|p2a: Midna|Foul Play|p1a: Moltres
|-damage|p1a: Moltres|27\/100
|
|upkeep
|turn|26
|
|t:|1720487940
|move|p1a: Moltres|Roost|p1a: Moltres
|-heal|p1a: Moltres|77\/100
|-singleturn|p1a: Moltres|move: Roost
|move|p2a: Midna|Baton Pass|p2a: Midna
|
|t:|1720487949
|switch|p2a: Mf Spittin|Rotom-Heat|70\/100|[from] Baton Pass
|
|-heal|p2a: Mf Spittin|76\/100|[from] item: Leftovers
|upkeep
|turn|27
|
|t:|1720487964
|move|p2a: Mf Spittin|Toxic|p1a: Moltres
|-status|p1a: Moltres|tox
|move|p1a: Moltres|U-turn|p2a: Mf Spittin
|-resisted|p2a: Mf Spittin
|-damage|p2a: Mf Spittin|68\/100
|
|t:|1720487977
|switch|p1a: Zofia|Sylveon, F|48\/100|[from] U-turn
|
|-heal|p2a: Mf Spittin|74\/100|[from] item: Leftovers
|upkeep
|turn|28
|
|t:|1720487997
|move|p2a: Mf Spittin|Volt Switch|p1a: Zofia
|-damage|p1a: Zofia|27\/100
|
|t:|1720488011
|switch|p2a: MCR|Roselia, F, shiny|61\/100|[from] Volt Switch
|move|p1a: Zofia|Hyper Voice|p2a: MCR
|-resisted|p2a: MCR
|-damage|p2a: MCR|27\/100
|
|upkeep
|turn|29
|
|t:|1720488027
|switch|p2a: Mf Spittin|Rotom-Heat|74\/100
|move|p1a: Zofia|Hyper Voice|p2a: Mf Spittin
|-resisted|p2a: Mf Spittin
|-crit|p2a: Mf Spittin
|-damage|p2a: Mf Spittin|19\/100
|
|-heal|p2a: Mf Spittin|25\/100|[from] item: Leftovers
|upkeep
|turn|30
|
|t:|1720488053
|move|p2a: Mf Spittin|Volt Switch|p1a: Zofia
|-damage|p1a: Zofia|9\/100
|
|t:|1720488056
|switch|p2a: Juggernaut|Metagross|94\/100|[from] Volt Switch
|move|p1a: Zofia|Hyper Voice|p2a: Juggernaut
|-resisted|p2a: Juggernaut
|-damage|p2a: Juggernaut|45\/100
|
|upkeep
|turn|31
|
|t:|1720488075
|switch|p1a: Moltres|Moltres|77\/100 tox
|-ability|p1a: Moltres|Pressure
|move|p2a: Juggernaut|Earthquake|p1a: Moltres
|-immune|p1a: Moltres
|
|-damage|p1a: Moltres|71\/100 tox|[from] psn
|upkeep
|turn|32
|c| Notabot1234|Sylveon on a Lebron Cleveland run rn
|
|t:|1720488097
|switch|p2a: Mf Spittin|Rotom-Heat|25\/100
|move|p1a: Moltres|Tailwind|p1a: Moltres
|-sidestart|p1: crystopper_pkmn|move: Tailwind
|
|-heal|p2a: Mf Spittin|31\/100|[from] item: Leftovers
|-damage|p1a: Moltres|59\/100 tox|[from] psn
|upkeep
|turn|33
|
|t:|1720488121
|switch|p1a: Sledge|Tauros, M|69\/100
|-ability|p1a: Sledge|Intimidate|boost
|-unboost|p2a: Mf Spittin|atk|1
|move|p2a: Mf Spittin|Toxic|p1a: Sledge|[miss]
|-miss|p2a: Mf Spittin|p1a: Sledge
|
|-heal|p2a: Mf Spittin|37\/100|[from] item: Leftovers
|upkeep
|turn|34
|
|t:|1720488134
|switch|p2a: Midna|Umbreon, F|100\/100
|move|p1a: Sledge|Double-Edge|p2a: Midna
|-damage|p2a: Midna|43\/100
|-damage|p1a: Sledge|44\/100|[from] Recoil
|-damage|p1a: Sledge|34\/100|[from] item: Life Orb
|
|-heal|p2a: Midna|49\/100|[from] item: Leftovers
|upkeep
|turn|35
|
|t:|1720488161
|move|p2a: Midna|Protect|p2a: Midna
|-singleturn|p2a: Midna|Protect
|move|p1a: Sledge|Double-Edge|p2a: Midna
|-activate|p2a: Midna|move: Protect
|
|-heal|p2a: Midna|55\/100|[from] item: Leftovers
|-sideend|p1: crystopper_pkmn|move: Tailwind
|upkeep
|turn|36
|
|t:|1720488194
|move|p1a: Sledge|Double-Edge|p2a: Midna
|-crit|p2a: Midna
|-damage|p2a: Midna|0 fnt
|faint|p2a: Midna
|-damage|p1a: Sledge|11\/100|[from] Recoil
|-damage|p1a: Sledge|1\/100|[from] item: Life Orb
|
|upkeep
|
|t:|1720488225
|switch|p2a: Juggernaut|Metagross|45\/100
|turn|37
|
|t:|1720488235
|move|p1a: Sledge|Double-Edge|p2a: Juggernaut
|-resisted|p2a: Juggernaut
|-damage|p2a: Juggernaut|14\/100
|-damage|p1a: Sledge|0 fnt|[from] Recoil
|faint|p1a: Sledge
|move|p2a: Juggernaut|Stealth Rock|p1: Sledge
|-sidestart|p1: crystopper_pkmn|move: Stealth Rock
|
|upkeep
|
|t:|1720488248
|switch|p1a: Moltres|Moltres|59\/100 tox
|-damage|p1a: Moltres|9\/100 tox|[from] Stealth Rock
|-ability|p1a: Moltres|Pressure
|turn|38
|
|t:|1720488261
|move|p2a: Juggernaut|Meteor Mash|p1a: Moltres
|-resisted|p1a: Moltres
|-damage|p1a: Moltres|0 fnt
|faint|p1a: Moltres
|
|upkeep
|
|t:|1720488268
|switch|p1a: Montagne|Landorus-Therian, M|7\/100
|-damage|p1a: Montagne|0 fnt|[from] Stealth Rock
|faint|p1a: Montagne
|
|t:|1720488272
|switch|p1a: Celebi|Celebi|7\/100
|-damage|p1a: Celebi|0 fnt|[from] Stealth Rock
|faint|p1a: Celebi
|
|t:|1720488275
|switch|p1a: Zofia|Sylveon, F|9\/100
|-damage|p1a: Zofia|0 fnt|[from] Stealth Rock
|faint|p1a: Zofia
|
|win|Mattchumaniac44
|c|☆crystopper_pkmn|gg
|c| son_of_ringo|gg
|c|☆Mattchumaniac44|gg
|c| Notabot1234|wow
|c| Notabot1234|gg
|l| Jmils9
|c| Kaiser Cauto|gg
|l|☆crystopper_pkmn
|player|p1|
|c| Notabot1234|rocks = prime jordan

</script>
</div>
<div class="battle-log battle-log-inline"><div class="inner"><div class="battle-options"></div><div class="inner message-log"><div class="chat"><small>☆crystopper_pkmn and ☆Mattchumaniac44 joined</small></div><div class=""><small>Format:</small> <br><strong>[Gen 6] Draft</strong></div><div class=""><small><em>Sleep Clause Mod:</em> Limit one foe put to sleep</small></div><div class=""><small><em>OHKO Clause:</em> OHKO moves are banned</small></div><div class=""><small><em>Evasion Clause:</em> Evasion abilities, items, and moves are banned</small></div><div class=""><small><em>Evasion Abilities Clause:</em> Evasion abilities are banned</small></div><div class=""><small><em>Evasion Items Clause:</em> Evasion items are banned</small></div><div class=""><small><em>Evasion Moves Clause:</em> Evasion moves are banned</small></div><div class=""><small><em>Endless Battle Clause:</em> Forcing endless battles is banned</small></div><div class=""><small><em>HP Percentage Mod:</em> HP is shown in percentages</small></div><div class=""><small><em>Moody Clause:</em> Moody is banned</small></div><div class=""><small><em>Swagger Clause:</em> Swagger is banned</small></div><div class="chat battle-history"><strong>crystopper_pkmn's team:</strong> <em style="color:#445566;display:block;">Celebi / Tauros / Sylveon / Moltres / Landorus-Therian / Raikou</em></div><div class="chat battle-history"><strong>Mattchumaniac44's team:</strong> <em style="color:#445566;display:block;">Garchomp / Roselia / Metagross / Rotom-Heat / Zapdos / Umbreon</em></div><div class="chat"><small> bman5422,  tomatotommaso,  Kaiser Cauto,  Notabot1234, and  TheWillager joined</small></div><div class="chat chatmessage-thewillager"><strong style="color:#7d923a"><small> </small><span class="username" data-name="TheWillager">TheWillager</span>:</strong> <em>ger</em></div><div class="chat chatmessage-notabot1234"><strong style="color:#ba8f0f"><small> </small><span class="username" data-name="Notabot1234">Notabot1234</span>:</strong> <em>Who up jorkin they peanits rn</em></div><div class="chat chatmessage-kaisercauto"><strong style="color:#d50e6e"><small> </small><span class="username" data-name="Kaiser Cauto">Kaiser Cauto</span>:</strong> <em>gl guys!</em></div><div class="chat chatmessage-crystopperpkmn"><strong style="color:#b08245"><small>☆</small><span class="username" data-name="crystopper_pkmn">crystopper_pkmn</span>:</strong> <em>well importing over from damage calc reset 2 nicknames</em></div><div class="chat"><small> Jmils9 joined</small></div><div class="chat chatmessage-tomatotommaso"><strong style="color:#1ba570"><small> </small><span class="username" data-name="tomatotommaso">tomatotommaso</span>:</strong> <em>matt tryna hide roselia back there</em></div><div class="chat chatmessage-tomatotommaso"><strong style="color:#1ba570"><small> </small><span class="username" data-name="tomatotommaso">tomatotommaso</span>:</strong> <em>sneaky sneaky</em></div><div class="chat chatmessage-mattchumaniac44"><strong style="color:#b3901d"><small>☆</small><span class="username" data-name="Mattchumaniac44">Mattchumaniac44</span>:</strong> <em>enemy spotted</em></div><div class="chat chatmessage-crystopperpkmn"><strong style="color:#b08245"><small>☆</small><span class="username" data-name="crystopper_pkmn">crystopper_pkmn</span>:</strong> <em>celebi should be named flores and moltres should be named ash</em></div><div class="chat chatmessage-mattchumaniac44"><strong style="color:#b3901d"><small>☆</small><span class="username" data-name="Mattchumaniac44">Mattchumaniac44</span>:</strong> <em>Counter Terrorists Win</em></div><div class="chat chatmessage-crystopperpkmn"><strong style="color:#b08245"><small>☆</small><span class="username" data-name="crystopper_pkmn">crystopper_pkmn</span>:</strong> <em>i did my work</em></div><div class="chat chatmessage-mattchumaniac44"><strong style="color:#b3901d"><small>☆</small><span class="username" data-name="Mattchumaniac44">Mattchumaniac44</span>:</strong> <em>gl hf</em></div><div class="chat chatmessage-crystopperpkmn"><strong style="color:#b08245"><small>☆</small><span class="username" data-name="crystopper_pkmn">crystopper_pkmn</span>:</strong> <em>u2</em></div><div class="spacer battle-history"><br></div><div class="battle-history">Battle started between crystopper_pkmn and Mattchumaniac44!<br></div><div class="spacer battle-history"><br></div><div class="battle-history">Go! Blitz (<strong>Raikou</strong>)!<br></div><div class="spacer battle-history"><br></div><div class="battle-history">Mattchumaniac44 sent out Mf Spittin (<strong>Rotom-Heat</strong>)!<br></div><div class="battle-history">[Blitz's Pressure]<br><small>Blitz is exerting its pressure!</small><br></div><div class="spacer battle-history"><br></div><h2 class="battle-history">Turn 1</h2><div class="spacer battle-history"><br></div><div class="battle-history">Blitz used <strong>Thunderbolt</strong>!<br></div><div class="battle-history"><small>It's not very effective...</small><br></div><div class="battle-history"><small>(The opposing Mf Spittin lost 19% of its health!)</small><br></div><div class="spacer battle-history"><br></div><div class="battle-history">The opposing Mf Spittin used <strong>Toxic</strong>!<br></div><div class="battle-history"><small>Blitz was badly poisoned!</small><br></div><div class="spacer battle-history"><br></div><div class="battle-history"><small>The opposing Mf Spittin restored a little HP using its Leftovers!</small><br></div><div class="battle-history"><small>Blitz was hurt by poison!</small><br></div><div class="spacer battle-history"><br></div><h2 class="battle-history">Turn 2</h2><div class="spacer battle-history"><br></div><div class="battle-history">Blitz, come back!<br></div><div class="battle-history">Go! <strong>Moltres</strong>!<br></div><div class="battle-history">[Moltres's Pressure]<br><small>Moltres is exerting its pressure!</small><br></div><div class="spacer battle-history"><br></div><div class="battle-history">The opposing Mf Spittin used <strong>Volt Switch</strong>!<br></div><div class="battle-history"><small>It's super effective!</small><br></div><div class="battle-history"><small>(Moltres lost 39% of its health!)</small><br></div><div class="chat chatmessage-notabot1234"><strong style="color:#ba8f0f"><small> </small><span class="username" data-name="Notabot1234">Notabot1234</span>:</strong> <em>this mf spittin</em></div><div class="spacer battle-history"><br></div><div class="battle-history">The opposing Mf Spittin went back to Mattchumaniac44!<br></div><div class="battle-history">Mattchumaniac44 sent out Lethal Dosage (<strong>Zapdos</strong>)!<br></div><div class="spacer battle-history"><br></div><h2 class="battle-history">Turn 3</h2><div class="spacer battle-history"><br></div><div class="battle-history">Moltres, come back!<br></div><div class="battle-history">Go! <strong>Celebi</strong>!<br></div><div class="spacer battle-history"><br></div><div class="battle-history">The opposing Lethal Dosage used <strong>Volt Switch</strong>!<br></div><div class="battle-history"><small>It's not very effective...</small><br></div><div class="battle-history"><small>(Celebi lost 12% of its health!)</small><br></div><div class="spacer battle-history"><br></div><div class="battle-history">The opposing Lethal Dosage went back to Mattchumaniac44!<br></div><div class="battle-history">Mattchumaniac44 sent out Mf Spittin (<strong>Rotom-Heat</strong>)!<br></div><div class="spacer battle-history"><br></div><div class="battle-history"><small>The opposing Mf Spittin restored a little HP using its Leftovers!</small><br></div><div class="spacer battle-history"><br></div><h2 class="battle-history">Turn 4</h2><div class="spacer battle-history"><br></div><div class="battle-history">Celebi used <strong>Stealth Rock</strong>!<br></div><div class="battle-history"><small>Pointed stones float in the air around the opposing team!</small><br></div><div class="spacer battle-history"><br></div><div class="battle-history">The opposing Mf Spittin used <strong>Overheat</strong>!<br></div><div class="battle-history"><small>It's super effective!</small><br></div><div class="battle-history"><small>(Celebi lost 81% of its health!)</small><br></div><div class="battle-history"><small>The opposing Mf Spittin's Sp. Atk fell harshly!</small><br></div><div class="spacer battle-history"><br></div><div class="battle-history"><small>The opposing Mf Spittin restored a little HP using its Leftovers!</small><br></div><div class="spacer battle-history"><br></div><h2 class="battle-history">Turn 5</h2><div class="chat"><small> son_of_ringo joined</small></div><div class="spacer battle-history"><br></div><div class="battle-history">Celebi, come back!<br></div><div class="battle-history">Go! Zofia (<strong>Sylveon</strong>)!<br></div><div class="spacer battle-history"><br></div><div class="battle-history">The opposing Mf Spittin used <strong>Volt Switch</strong>!<br></div><div class="battle-history"><small>(Zofia lost 9% of its health!)</small><br></div><div class="spacer battle-history"><br></div><div class="battle-history">The opposing Mf Spittin went back to Mattchumaniac44!<br></div><div class="battle-history">Mattchumaniac44 sent out Juggernaut (<strong>Metagross</strong>)!<br></div><div class="battle-history"><small>Pointed stones dug into the opposing Juggernaut!</small><br></div><div class="spacer battle-history"><br></div><h2 class="battle-history">Turn 6</h2><div class="spacer battle-history"><br></div><div class="battle-history">Zofia, come back!<br></div><div class="battle-history">Go! Montagne (<strong>Landorus-Therian</strong>)!<br></div><div class="battle-history">[Montagne's Intimidate]<br></div><div class="battle-history">[The opposing Juggernaut's Clear Body]<br><small>The opposing Juggernaut's stats were not lowered!</small><br></div><div class="spacer battle-history"><br></div><div class="battle-history">The opposing Juggernaut used <strong>Stealth Rock</strong>!<br></div><div class="battle-history"><small>Pointed stones float in the air around your team!</small><br></div><div class="spacer battle-history"><br></div><h2 class="battle-history">Turn 7</h2><div class="spacer battle-history"><br></div><div class="battle-history">Mattchumaniac44 withdrew Juggernaut!<br></div><div class="battle-history">Mattchumaniac44 sent out Lethal Dosage (<strong>Zapdos</strong>)!<br></div><div class="battle-history"><small>Pointed stones dug into the opposing Lethal Dosage!</small><br></div><div class="spacer battle-history"><br></div><div class="battle-history">Montagne used <strong>Swords Dance</strong>!<br></div><div class="battle-history"><small>Montagne's Attack rose sharply!</small><br></div><div class="spacer battle-history"><br></div><h2 class="battle-history">Turn 8</h2><div class="spacer battle-history"><br></div><div class="battle-history">The opposing Lethal Dosage used <strong>Hidden Power</strong>!<br></div><div class="battle-history"><small>It's super effective!</small><br></div><div class="battle-history"><small>(Montagne lost 77% of its health!)</small><br></div><div class="spacer battle-history"><br></div><div class="battle-history">Montagne used <strong>Knock Off</strong>!<br></div><div class="battle-history"><small>(The opposing Lethal Dosage lost 67% of its health!)</small><br></div><div class="battle-history"><small>Montagne was hurt by the Rocky Helmet!</small><br></div><div class="battle-history"><small>Montagne knocked off the opposing Lethal Dosage's Rocky Helmet!</small><br></div><div class="spacer battle-history"><br></div><h2 class="battle-history">Turn 9</h2><div class="spacer battle-history"><br></div><div class="battle-history">Montagne, come back!<br></div><div class="battle-history">Go! Blitz (<strong>Raikou</strong>)!<br></div><div class="battle-history"><small>Pointed stones dug into Blitz!</small><br></div><div class="battle-history">[Blitz's Pressure]<br><small>Blitz is exerting its pressure!</small><br></div><div class="spacer battle-history"><br></div><div class="battle-history">The opposing Lethal Dosage used <strong>Hidden Power</strong>!<br></div><div class="battle-history"><small>(Blitz lost 18% of its health!)</small><br></div><div class="spacer battle-history"><br></div><div class="battle-history"><small>Blitz was hurt by poison!</small><br></div><div class="spacer battle-history"><br></div><h2 class="battle-history">Turn 10</h2><div class="spacer battle-history"><br></div><div class="battle-history">Blitz used <strong>Hidden Power</strong>!<br></div><div class="battle-history"><small>It's super effective!</small><br></div><div class="battle-history"><small>(The opposing Lethal Dosage lost 8% of its health!)</small><br></div><div class="spacer battle-history"><br></div><div class="battle-history">The opposing Lethal Dosage fainted!<br></div><div class="spacer battle-history"><br></div><div class="battle-history"><small>Blitz was hurt by poison!</small><br></div><div class="spacer battle-history"><br></div><div class="battle-history">Mattchumaniac44 sent out MCR (<strong>Roselia</strong>)!<br></div><div class="battle-history"><small>Pointed stones dug into the opposing MCR!</small><br></div><div class="spacer battle-history"><br></div><h2 class="battle-history">Turn 11</h2><div class="chat chatmessage-notabot1234"><strong style="color:#ba8f0f"><small> </small><span class="username" data-name="Notabot1234">Notabot1234</span>:</strong> <em>When I was</em></div><div class="chat chatmessage-jmils9"><strong style="color:#c117bb"><small> </small><span class="username" data-name="Jmils9">Jmils9</span>:</strong> <em>a yong mon</em></div><div class="chat chatmessage-notabot1234"><strong style="color:#ba8f0f"><small> </small><span class="username" data-name="Notabot1234">Notabot1234</span>:</strong> <em>my trainer</em></div><div class="spacer battle-history"><br></div><div class="battle-history">Blitz used <strong>Hidden Power</strong>!<br></div><div class="battle-history"><small>It's super effective!</small><br></div><div class="battle-history"><small>(The opposing MCR lost 27% of its health!)</small><br></div><div class="spacer battle-history"><br></div><div class="battle-history">The opposing MCR used <strong>Sludge Bomb</strong>!<br></div><div class="battle-history"><small>A critical hit!</small><br></div><div class="battle-history"><small>(Blitz lost 46% of its health!)</small><br></div><div class="spacer battle-history"><br></div><div class="battle-history">Blitz fainted!<br></div><div class="spacer battle-history"><br></div><div class="battle-history">Go! <strong>Moltres</strong>!<br></div><div class="battle-history"><small>Pointed stones dug into Moltres!</small><br></div><div class="battle-history">[Moltres's Pressure]<br><small>Moltres is exerting its pressure!</small><br></div><div class="spacer battle-history"><br></div><h2 class="battle-history">Turn 12</h2><div class="spacer battle-history"><br></div><div class="battle-history">Mattchumaniac44 withdrew MCR!<br></div><div class="battle-history">Mattchumaniac44 sent out Mf Spittin (<strong>Rotom-Heat</strong>)!<br></div><div class="battle-history"><small>Pointed stones dug into the opposing Mf Spittin!</small><br></div><div class="spacer battle-history"><br></div><div class="battle-history">Moltres used <strong>Defog</strong>!<br></div><div class="battle-history"><small>The opposing Mf Spittin's evasiveness fell!</small><br></div><div class="battle-history"><small>The pointed stones disappeared from around the opposing team!</small><br></div><div class="battle-history"><small>The pointed stones disappeared from around your team!</small><br></div><div class="spacer battle-history"><br></div><div class="battle-history"><small>The opposing Mf Spittin restored a little HP using its Leftovers!</small><br></div><div class="spacer battle-history"><br></div><h2 class="battle-history">Turn 13</h2><div class="spacer battle-history"><br></div><div class="battle-history">The opposing Mf Spittin used <strong>Toxic</strong>!<br></div><div class="battle-history"><small>Moltres avoided the attack!</small><br></div><div class="spacer battle-history"><br></div><div class="battle-history">Moltres used <strong>Roost</strong>!<br></div><div class="battle-history"><small>Moltres had its HP restored.</small><br></div><div class="battle-history"><small>(Moltres loses Flying type this turn.)</small><br></div><div class="spacer battle-history"><br></div><div class="battle-history"><small>The opposing Mf Spittin restored a little HP using its Leftovers!</small><br></div><div class="spacer battle-history"><br></div><h2 class="battle-history">Turn 14</h2><div class="spacer battle-history"><br></div><div class="battle-history">The opposing Mf Spittin used <strong>Volt Switch</strong>!<br></div><div class="battle-history"><small>It's super effective!</small><br></div><div class="battle-history"><small>(Moltres lost 39% of its health!)</small><br></div><div class="spacer battle-history"><br></div><div class="battle-history">The opposing Mf Spittin went back to Mattchumaniac44!<br></div><div class="battle-history">Mattchumaniac44 sent out Midna (<strong>Umbreon</strong>)!<br></div><div class="spacer battle-history"><br></div><div class="battle-history">Moltres used <strong>Roost</strong>!<br></div><div class="battle-history"><small>Moltres had its HP restored.</small><br></div><div class="battle-history"><small>(Moltres loses Flying type this turn.)</small><br></div><div class="spacer battle-history"><br></div><h2 class="battle-history">Turn 15</h2><div class="spacer battle-history"><br></div><div class="battle-history">Mattchumaniac44 withdrew Midna!<br></div><div class="battle-history">Mattchumaniac44 sent out Mf Spittin (<strong>Rotom-Heat</strong>)!<br></div><div class="spacer battle-history"><br></div><div class="battle-history">Moltres used <strong>Tailwind</strong>!<br></div><div class="battle-history"><small>The Tailwind blew from behind your team!</small><br></div><div class="spacer battle-history"><br></div><div class="battle-history"><small>The opposing Mf Spittin restored a little HP using its Leftovers!</small><br></div><div class="spacer battle-history"><br></div><h2 class="battle-history">Turn 16</h2><div class="spacer battle-history"><br></div><div class="battle-history">Moltres used <strong>Roost</strong>!<br></div><div class="battle-history"><small>Moltres had its HP restored.</small><br></div><div class="battle-history"><small>(Moltres loses Flying type this turn.)</small><br></div><div class="spacer battle-history"><br></div><div class="battle-history">The opposing Mf Spittin used <strong>Toxic</strong>!<br></div><div class="battle-history"><small>Moltres was badly poisoned!</small><br></div><div class="spacer battle-history"><br></div><div class="battle-history"><small>The opposing Mf Spittin restored a little HP using its Leftovers!</small><br></div><div class="battle-history"><small>Moltres was hurt by poison!</small><br></div><div class="spacer battle-history"><br></div><h2 class="battle-history">Turn 17</h2><div class="spacer battle-history"><br></div><div class="battle-history">Moltres, come back!<br></div><div class="battle-history">Go! Zofia (<strong>Sylveon</strong>)!<br></div><div class="spacer battle-history"><br></div><div class="battle-history">The opposing Mf Spittin used <strong>Toxic</strong>!<br></div><div class="battle-history"><small>Zofia was badly poisoned!</small><br></div><div class="spacer battle-history"><br></div><div class="battle-history"><small>The opposing Mf Spittin restored a little HP using its Leftovers!</small><br></div><div class="battle-history"><small>Zofia was hurt by poison!</small><br></div><div class="spacer battle-history"><br></div><h2 class="battle-history">Turn 18</h2><div class="chat chatmessage-jmils9"><strong style="color:#c117bb"><small> </small><span class="username" data-name="Jmils9">Jmils9</span>:</strong> <em>Toxic - Britney Spears</em></div><div class="chat"><small> 6utter joined</small></div><div class="spacer battle-history"><br></div><div class="battle-history">Zofia used <strong>Shadow Ball</strong>!<br></div><div class="battle-history"><small>(The opposing Mf Spittin lost 33% of its health!)</small><br></div><div class="spacer battle-history"><br></div><div class="battle-history">The opposing Mf Spittin used <strong>Volt Switch</strong>!<br></div><div class="battle-history"><small>(Zofia lost 18% of its health!)</small><br></div><div class="spacer battle-history"><br></div><div class="battle-history">The opposing Mf Spittin went back to Mattchumaniac44!<br></div><div class="battle-history">Mattchumaniac44 sent out MCR (<strong>Roselia</strong>)!<br></div><div class="spacer battle-history"><br></div><div class="battle-history"><small>Zofia was hurt by poison!</small><br></div><div class="battle-history"><small>Your team's Tailwind petered out!</small><br></div><div class="spacer battle-history"><br></div><h2 class="battle-history">Turn 19</h2><div class="spacer battle-history"><br></div><div class="battle-history">Zofia, come back!<br></div><div class="battle-history">Go! <strong>Moltres</strong>!<br></div><div class="battle-history">[Moltres's Pressure]<br><small>Moltres is exerting its pressure!</small><br></div><div class="spacer battle-history"><br></div><div class="battle-history">The opposing MCR used <strong>Spikes</strong>!<br></div><div class="battle-history"><small>Spikes were scattered on the ground all around your team!</small><br></div><div class="spacer battle-history"><br></div><div class="battle-history"><small>Moltres was hurt by poison!</small><br></div><div class="spacer battle-history"><br></div><h2 class="battle-history">Turn 20</h2><div class="chat"><small> 6utter left</small></div><div class="spacer battle-history"><br></div><div class="battle-history">Mattchumaniac44 withdrew MCR!<br></div><div class="battle-history">Mattchumaniac44 sent out Mf Spittin (<strong>Rotom-Heat</strong>)!<br></div><div class="spacer battle-history"><br></div><div class="battle-history">Moltres used <strong>Defog</strong>!<br></div><div class="battle-history"><small>The opposing Mf Spittin's evasiveness fell!</small><br></div><div class="battle-history"><small>The spikes disappeared from the ground around your team!</small><br></div><div class="spacer battle-history"><br></div><div class="battle-history"><small>The opposing Mf Spittin restored a little HP using its Leftovers!</small><br></div><div class="battle-history"><small>Moltres was hurt by poison!</small><br></div><div class="spacer battle-history"><br></div><h2 class="battle-history">Turn 21</h2><div class="spacer battle-history"><br></div><div class="battle-history">The opposing Mf Spittin used <strong>Overheat</strong>!<br></div><div class="battle-history"><small>It's not very effective...</small><br></div><div class="battle-history"><small>(Moltres lost 18% of its health!)</small><br></div><div class="battle-history"><small>The opposing Mf Spittin's Sp. Atk fell harshly!</small><br></div><div class="spacer battle-history"><br></div><div class="battle-history">Moltres used <strong>U-turn</strong>!<br></div><div class="battle-history"><small>It's not very effective...</small><br></div><div class="battle-history"><small>(The opposing Mf Spittin lost 9% of its health!)</small><br></div><div class="spacer battle-history"><br></div><div class="battle-history">Moltres went back to crystopper_pkmn!<br></div><div class="battle-history">Go! Sledge (<strong>Tauros</strong>)!<br></div><div class="battle-history">[Sledge's Intimidate]<br></div><div class="battle-history"><small>The opposing Mf Spittin's Attack fell!</small><br></div><div class="spacer battle-history"><br></div><div class="battle-history"><small>The opposing Mf Spittin restored a little HP using its Leftovers!</small><br></div><div class="spacer battle-history"><br></div><h2 class="battle-history">Turn 22</h2><div class="spacer battle-history"><br></div><div class="battle-history">Mattchumaniac44 withdrew Mf Spittin!<br></div><div class="battle-history">Mattchumaniac44 sent out Midna (<strong>Umbreon</strong>)!<br></div><div class="spacer battle-history"><br></div><div class="battle-history">Sledge used <strong>Double-Edge</strong>!<br></div><div class="battle-history"><small>(The opposing Midna lost 51% of its health!)</small><br></div><div class="battle-history"><small>Sledge was damaged by the recoil!</small><br></div><div class="battle-history"><small>Sledge lost some of its HP!</small><br></div><div class="spacer battle-history"><br></div><div class="battle-history"><small>The opposing Midna restored a little HP using its Leftovers!</small><br></div><div class="spacer battle-history"><br></div><h2 class="battle-history">Turn 23</h2><div class="spacer battle-history"><br></div><div class="battle-history">Sledge, come back!<br></div><div class="battle-history">Go! Zofia (<strong>Sylveon</strong>)!<br></div><div class="spacer battle-history"><br></div><div class="battle-history">The opposing Midna used <strong>Wish</strong>!<br></div><div class="spacer battle-history"><br></div><div class="battle-history"><small>The opposing Midna restored a little HP using its Leftovers!</small><br></div><div class="battle-history"><small>Zofia was hurt by poison!</small><br></div><div class="spacer battle-history"><br></div><h2 class="battle-history">Turn 24</h2><div class="spacer battle-history"><br></div><div class="battle-history">The opposing Midna used <strong>Protect</strong>!<br></div><div class="battle-history"><small>The opposing Midna protected itself!</small><br></div><div class="spacer battle-history"><br></div><div class="battle-history">Zofia used <strong>Heal Bell</strong>!<br></div><div class="battle-history"><small>A bell chimed!</small><br></div><div class="battle-history"><small>Zofia was cured of its poisoning!</small><br></div><div class="battle-history"><small>Moltres was cured of its poisoning!</small><br></div><div class="spacer battle-history"><br></div><div class="battle-history"><small>Midna's wish came true!</small><br></div><div class="spacer battle-history"><br></div><h2 class="battle-history">Turn 25</h2><div class="spacer battle-history"><br></div><div class="battle-history">Zofia, come back!<br></div><div class="battle-history">Go! <strong>Moltres</strong>!<br></div><div class="battle-history">[Moltres's Pressure]<br><small>Moltres is exerting its pressure!</small><br></div><div class="spacer battle-history"><br></div><div class="battle-history">The opposing Midna used <strong>Foul Play</strong>!<br></div><div class="battle-history"><small>(Moltres lost 31% of its health!)</small><br></div><div class="spacer battle-history"><br></div><h2 class="battle-history">Turn 26</h2><div class="spacer battle-history"><br></div><div class="battle-history">Moltres used <strong>Roost</strong>!<br></div><div class="battle-history"><small>Moltres had its HP restored.</small><br></div><div class="battle-history"><small>(Moltres loses Flying type this turn.)</small><br></div><div class="spacer battle-history"><br></div><div class="battle-history">The opposing Midna used <strong>Baton Pass</strong>!<br></div><div class="spacer battle-history"><br></div><div class="battle-history">Mattchumaniac44 sent out Mf Spittin (<strong>Rotom-Heat</strong>)!<br></div><div class="spacer battle-history"><br></div><div class="battle-history"><small>The opposing Mf Spittin restored a little HP using its Leftovers!</small><br></div><div class="spacer battle-history"><br></div><h2 class="battle-history">Turn 27</h2><div class="spacer battle-history"><br></div><div class="battle-history">The opposing Mf Spittin used <strong>Toxic</strong>!<br></div><div class="battle-history"><small>Moltres was badly poisoned!</small><br></div><div class="spacer battle-history"><br></div><div class="battle-history">Moltres used <strong>U-turn</strong>!<br></div><div class="battle-history"><small>It's not very effective...</small><br></div><div class="battle-history"><small>(The opposing Mf Spittin lost 8% of its health!)</small><br></div><div class="spacer battle-history"><br></div><div class="battle-history">Moltres went back to crystopper_pkmn!<br></div><div class="battle-history">Go! Zofia (<strong>Sylveon</strong>)!<br></div><div class="spacer battle-history"><br></div><div class="battle-history"><small>The opposing Mf Spittin restored a little HP using its Leftovers!</small><br></div><div class="spacer battle-history"><br></div><h2 class="battle-history">Turn 28</h2><div class="spacer battle-history"><br></div><div class="battle-history">The opposing Mf Spittin used <strong>Volt Switch</strong>!<br></div><div class="battle-history"><small>(Zofia lost 21% of its health!)</small><br></div><div class="spacer battle-history"><br></div><div class="battle-history">The opposing Mf Spittin went back to Mattchumaniac44!<br></div><div class="battle-history">Mattchumaniac44 sent out MCR (<strong>Roselia</strong>)!<br></div><div class="spacer battle-history"><br></div><div class="battle-history">Zofia used <strong>Hyper Voice</strong>!<br></div><div class="battle-history"><small>It's not very effective...</small><br></div><div class="battle-history"><small>(The opposing MCR lost 34% of its health!)</small><br></div><div class="spacer battle-history"><br></div><h2 class="battle-history">Turn 29</h2><div class="spacer battle-history"><br></div><div class="battle-history">Mattchumaniac44 withdrew MCR!<br></div><div class="battle-history">Mattchumaniac44 sent out Mf Spittin (<strong>Rotom-Heat</strong>)!<br></div><div class="spacer battle-history"><br></div><div class="battle-history">Zofia used <strong>Hyper Voice</strong>!<br></div><div class="battle-history"><small>It's not very effective...</small><br></div><div class="battle-history"><small>A critical hit!</small><br></div><div class="battle-history"><small>(The opposing Mf Spittin lost 55% of its health!)</small><br></div><div class="spacer battle-history"><br></div><div class="battle-history"><small>The opposing Mf Spittin restored a little HP using its Leftovers!</small><br></div><div class="spacer battle-history"><br></div><h2 class="battle-history">Turn 30</h2><div class="spacer battle-history"><br></div><div class="battle-history">The opposing Mf Spittin used <strong>Volt Switch</strong>!<br></div><div class="battle-history"><small>(Zofia lost 18% of its health!)</small><br></div><div class="spacer battle-history"><br></div><div class="battle-history">The opposing Mf Spittin went back to Mattchumaniac44!<br></div><div class="battle-history">Mattchumaniac44 sent out Juggernaut (<strong>Metagross</strong>)!<br></div><div class="spacer battle-history"><br></div><div class="battle-history">Zofia used <strong>Hyper Voice</strong>!<br></div><div class="battle-history"><small>It's not very effective...</small><br></div><div class="battle-history"><small>(The opposing Juggernaut lost 49% of its health!)</small><br></div><div class="spacer battle-history"><br></div><h2 class="battle-history">Turn 31</h2><div class="spacer battle-history"><br></div><div class="battle-history">Zofia, come back!<br></div><div class="battle-history">Go! <strong>Moltres</strong>!<br></div><div class="battle-history">[Moltres's Pressure]<br><small>Moltres is exerting its pressure!</small><br></div><div class="spacer battle-history"><br></div><div class="battle-history">The opposing Juggernaut used <strong>Earthquake</strong>!<br></div><div class="battle-history"><small>It doesn't affect Moltres...</small><br></div><div class="spacer battle-history"><br></div><div class="battle-history"><small>Moltres was hurt by poison!</small><br></div><div class="spacer battle-history"><br></div><h2 class="battle-history">Turn 32</h2><div class="chat chatmessage-notabot1234"><strong style="color:#ba8f0f"><small> </small><span class="username" data-name="Notabot1234">Notabot1234</span>:</strong> <em>Sylveon on a Lebron Cleveland run rn</em></div><div class="spacer battle-history"><br></div><div class="battle-history">Mattchumaniac44 withdrew Juggernaut!<br></div><div class="battle-history">Mattchumaniac44 sent out Mf Spittin (<strong>Rotom-Heat</strong>)!<br></div><div class="spacer battle-history"><br></div><div class="battle-history">Moltres used <strong>Tailwind</strong>!<br></div><div class="battle-history"><small>The Tailwind blew from behind your team!</small><br></div><div class="spacer battle-history"><br></div><div class="battle-history"><small>The opposing Mf Spittin restored a little HP using its Leftovers!</small><br></div><div class="battle-history"><small>Moltres was hurt by poison!</small><br></div><div class="spacer battle-history"><br></div><h2 class="battle-history">Turn 33</h2><div class="spacer battle-history"><br></div><div class="battle-history">Moltres, come back!<br></div><div class="battle-history">Go! Sledge (<strong>Tauros</strong>)!<br></div><div class="battle-history">[Sledge's Intimidate]<br></div><div class="battle-history"><small>The opposing Mf Spittin's Attack fell!</small><br></div><div class="spacer battle-history"><br></div><div class="battle-history">The opposing Mf Spittin used <strong>Toxic</strong>!<br></div><div class="battle-history"><small>Sledge avoided the attack!</small><br></div><div class="spacer battle-history"><br></div><div class="battle-history"><small>The opposing Mf Spittin restored a little HP using its Leftovers!</small><br></div><div class="spacer battle-history"><br></div><h2 class="battle-history">Turn 34</h2><div class="spacer battle-history"><br></div><div class="battle-history">Mattchumaniac44 withdrew Mf Spittin!<br></div><div class="battle-history">Mattchumaniac44 sent out Midna (<strong>Umbreon</strong>)!<br></div><div class="spacer battle-history"><br></div><div class="battle-history">Sledge used <strong>Double-Edge</strong>!<br></div><div class="battle-history"><small>(The opposing Midna lost 57% of its health!)</small><br></div><div class="battle-history"><small>Sledge was damaged by the recoil!</small><br></div><div class="battle-history"><small>Sledge lost some of its HP!</small><br></div><div class="spacer battle-history"><br></div><div class="battle-history"><small>The opposing Midna restored a little HP using its Leftovers!</small><br></div><div class="spacer battle-history"><br></div><h2 class="battle-history">Turn 35</h2><div class="spacer battle-history"><br></div><div class="battle-history">The opposing Midna used <strong>Protect</strong>!<br></div><div class="battle-history"><small>The opposing Midna protected itself!</small><br></div><div class="spacer battle-history"><br></div><div class="battle-history">Sledge used <strong>Double-Edge</strong>!<br></div><div class="battle-history"><small>The opposing Midna protected itself!</small><br></div><div class="spacer battle-history"><br></div><div class="battle-history"><small>The opposing Midna restored a little HP using its Leftovers!</small><br></div><div class="battle-history"><small>Your team's Tailwind petered out!</small><br></div><div class="spacer battle-history"><br></div><h2 class="battle-history">Turn 36</h2><div class="spacer battle-history"><br></div><div class="battle-history">Sledge used <strong>Double-Edge</strong>!<br></div><div class="battle-history"><small>A critical hit!</small><br></div><div class="battle-history"><small>(The opposing Midna lost 55% of its health!)</small><br></div><div class="spacer battle-history"><br></div><div class="battle-history">The opposing Midna fainted!<br></div><div class="battle-history"><small>Sledge was damaged by the recoil!</small><br></div><div class="battle-history"><small>Sledge lost some of its HP!</small><br></div><div class="spacer battle-history"><br></div><div class="battle-history">Mattchumaniac44 sent out Juggernaut (<strong>Metagross</strong>)!<br></div><div class="spacer battle-history"><br></div><h2 class="battle-history">Turn 37</h2><div class="spacer battle-history"><br></div><div class="battle-history">Sledge used <strong>Double-Edge</strong>!<br></div><div class="battle-history"><small>It's not very effective...</small><br></div><div class="battle-history"><small>(The opposing Juggernaut lost 31% of its health!)</small><br></div><div class="battle-history"><small>Sledge was damaged by the recoil!</small><br></div><div class="spacer battle-history"><br></div><div class="battle-history">Sledge fainted!<br></div><div class="battle-history">The opposing Juggernaut used <strong>Stealth Rock</strong>!<br></div><div class="battle-history"><small>Pointed stones float in the air around your team!</small><br></div><div class="spacer battle-history"><br></div><div class="battle-history">Go! <strong>Moltres</strong>!<br></div><div class="battle-history"><small>Pointed stones dug into Moltres!</small><br></div><div class="battle-history">[Moltres's Pressure]<br><small>Moltres is exerting its pressure!</small><br></div><div class="spacer battle-history"><br></div><h2 class="battle-history">Turn 38</h2><div class="spacer battle-history"><br></div><div class="battle-history">The opposing Juggernaut used <strong>Meteor Mash</strong>!<br></div><div class="battle-history"><small>It's not very effective...</small><br></div><div class="battle-history"><small>(Moltres lost 9% of its health!)</small><br></div><div class="spacer battle-history"><br></div><div class="battle-history">Moltres fainted!<br></div><div class="spacer battle-history"><br></div><div class="battle-history">Go! Montagne (<strong>Landorus-Therian</strong>)!<br></div><div class="battle-history"><small>Pointed stones dug into Montagne!</small><br></div><div class="spacer battle-history"><br></div><div class="battle-history">Montagne fainted!<br></div><div class="spacer battle-history"><br></div><div class="battle-history">Go! <strong>Celebi</strong>!<br></div><div class="battle-history"><small>Pointed stones dug into Celebi!</small><br></div><div class="spacer battle-history"><br></div><div class="battle-history">Celebi fainted!<br></div><div class="spacer battle-history"><br></div><div class="battle-history">Go! Zofia (<strong>Sylveon</strong>)!<br></div><div class="battle-history"><small>Pointed stones dug into Zofia!</small><br></div><div class="spacer battle-history"><br></div><div class="battle-history">Zofia fainted!<br></div><div class="spacer battle-history"><br></div><div class="battle-history"><strong>Mattchumaniac44</strong> won the battle!<br></div><div class="chat chatmessage-crystopperpkmn"><strong style="color:#b08245"><small>☆</small><span class="username" data-name="crystopper_pkmn">crystopper_pkmn</span>:</strong> <em>gg</em></div><div class="chat chatmessage-sonofringo"><strong style="color:#8a8e0e"><small> </small><span class="username" data-name="son_of_ringo">son_of_ringo</span>:</strong> <em>gg</em></div><div class="chat chatmessage-mattchumaniac44"><strong style="color:#b3901d"><small>☆</small><span class="username" data-name="Mattchumaniac44">Mattchumaniac44</span>:</strong> <em>gg</em></div><div class="chat chatmessage-notabot1234"><strong style="color:#ba8f0f"><small> </small><span class="username" data-name="Notabot1234">Notabot1234</span>:</strong> <em>wow</em></div><div class="chat chatmessage-notabot1234"><strong style="color:#ba8f0f"><small> </small><span class="username" data-name="Notabot1234">Notabot1234</span>:</strong> <em>gg</em></div><div class="chat"><small> Jmils9 left</small></div><div class="chat chatmessage-kaisercauto"><strong style="color:#d50e6e"><small> </small><span class="username" data-name="Kaiser Cauto">Kaiser Cauto</span>:</strong> <em>gg</em></div><div class="chat"><small>☆crystopper_pkmn left</small></div><div class="chat chatmessage-notabot1234"><strong style="color:#ba8f0f"><small> </small><span class="username" data-name="Notabot1234">Notabot1234</span>:</strong> <em>rocks = prime jordan</em></div></div><div class="inner-preempt message-log"></div></div></div>
</div>
<script>
let daily = Math.floor(Date.now()/1000/60/60/24);document.write('<script src="https://play.pokemonshowdown.com/js/replay-embed.js?version'+daily+'"></'+'script>');
</script>
