<!DOCTYPE html>
<meta charset="utf-8" />
<!-- version 1 -->
<title>[Gen 6] Draft replay: Notabot1234 vs. Jmils9</title>
<style>
html,body {font-family:Verdana, sans-serif;font-size:10pt;margin:0;padding:0;}body{padding:12px 0;} .battle-log {font-family:Verdana, sans-serif;font-size:10pt;} .battle-log-inline {border:1px solid #AAAAAA;background:#EEF2F5;color:black;max-width:640px;margin:0 auto 80px;padding-bottom:5px;} .battle-log .inner {padding:4px 8px 0px 8px;} .battle-log .inner-preempt {padding:0 8px 4px 8px;} .battle-log .inner-after {margin-top:0.5em;} .battle-log h2 {margin:0.5em -8px;padding:4px 8px;border:1px solid #AAAAAA;background:#E0E7EA;border-left:0;border-right:0;font-family:Verdana, sans-serif;font-size:13pt;} .battle-log .chat {vertical-align:middle;padding:3px 0 3px 0;font-size:8pt;} .battle-log .chat strong {color:#40576A;} .battle-log .chat em {padding:1px 4px 1px 3px;color:#000000;font-style:normal;} .chat.mine {background:rgba(0,0,0,0.05);margin-left:-8px;margin-right:-8px;padding-left:8px;padding-right:8px;} .spoiler {color:#BBBBBB;background:#BBBBBB;padding:0px 3px;} .spoiler:hover, .spoiler:active, .spoiler-shown {color:#000000;background:#E2E2E2;padding:0px 3px;} .spoiler a {color:#BBBBBB;} .spoiler:hover a, .spoiler:active a, .spoiler-shown a {color:#2288CC;} .chat code, .chat .spoiler:hover code, .chat .spoiler:active code, .chat .spoiler-shown code {border:1px solid #C0C0C0;background:#EEEEEE;color:black;padding:0 2px;} .chat .spoiler code {border:1px solid #CCCCCC;background:#CCCCCC;color:#CCCCCC;} .battle-log .rated {padding:3px 4px;} .battle-log .rated strong {color:white;background:#89A;padding:1px 4px;border-radius:4px;} .spacer {margin-top:0.5em;} .message-announce {background:#6688AA;color:white;padding:1px 4px 2px;} .message-announce a, .broadcast-green a, .broadcast-blue a, .broadcast-red a {color:#DDEEFF;} .broadcast-green {background-color:#559955;color:white;padding:2px 4px;} .broadcast-blue {background-color:#6688AA;color:white;padding:2px 4px;} .infobox {border:1px solid #6688AA;padding:2px 4px;} .infobox-limited {max-height:200px;overflow:auto;overflow-x:hidden;} .broadcast-red {background-color:#AA5544;color:white;padding:2px 4px;} .message-learn-canlearn {font-weight:bold;color:#228822;text-decoration:underline;} .message-learn-cannotlearn {font-weight:bold;color:#CC2222;text-decoration:underline;} .message-effect-weak {font-weight:bold;color:#CC2222;} .message-effect-resist {font-weight:bold;color:#6688AA;} .message-effect-immune {font-weight:bold;color:#666666;} .message-learn-list {margin-top:0;margin-bottom:0;} .message-throttle-notice, .message-error {color:#992222;} .message-overflow, .chat small.message-overflow {font-size:0pt;} .message-overflow::before {font-size:9pt;content:'...';} .subtle {color:#3A4A66;}
</style>
<div class="wrapper replay-wrapper" style="max-width:1180px;margin:0 auto">
<input type="hidden" name="replayid" value="gen6draft-2145946653" />
<div class="battle"></div><div class="battle-log"></div><div class="replay-controls"></div><div class="replay-controls-2"></div>
<h1 style="font-weight:normal;text-align:center"><strong>[Gen 6] Draft</strong><br /><a href="http://pokemonshowdown.com/users/notabot1234" class="subtle" target="_blank">Notabot1234</a> vs. <a href="http://pokemonshowdown.com/users/jmils9" class="subtle" target="_blank">Jmils9</a></h1>
<script type="text/plain" class="battle-log-data">
|j|☆Notabot1234
|j|☆Jmils9
|t:|1718760516
|gametype|singles
|player|p1|Notabot1234|cynthia-gen4|
|player|p2|Jmils9|backersf|
|teamsize|p1|6
|teamsize|p2|6
|gen|6
|tier|[Gen 6] Draft
|rule|Sleep Clause Mod: Limit one foe put to sleep
|rule|OHKO Clause: OHKO moves are banned
|rule|Evasion Clause: Evasion abilities, items, and moves are banned
|rule|Evasion Abilities Clause: Evasion abilities are banned
|rule|Evasion Items Clause: Evasion items are banned
|rule|Evasion Moves Clause: Evasion moves are banned
|rule|Endless Battle Clause: Forcing endless battles is banned
|rule|HP Percentage Mod: HP is shown in percentages
|rule|Moody Clause: Moody is banned
|rule|Swagger Clause: Swagger is banned
|clearpoke
|poke|p1|Tornadus-Therian, M|item
|poke|p1|Aromatisse, M|item
|poke|p1|Breloom, M|item
|poke|p1|Espeon, F|item
|poke|p1|Heatran, F|item
|poke|p1|Sableye, M|item
|poke|p2|Clefable, F|item
|poke|p2|Scizor, F|item
|poke|p2|Salamence, M|item
|poke|p2|Swampert, F|item
|poke|p2|Alakazam, M|item
|poke|p2|Cloyster, M|item
|teampreview
|c|☆Notabot1234|YOURE NOT GONNA HIT ROCK BOTTOM
|c|☆Notabot1234|HUH
|j| Kaiser Cauto
|j| Mattchumaniac44
|j| Bman5422
|l| Bman5422
|c|☆Notabot1234|Paramore bangs
|j| son_of_ringo
|j| Bman5422
|l| Bman5422
|c|☆Jmils9|paramore for sure bangs
|j| Bman5422
|c|☆Jmils9|ready sir?
|c|☆Notabot1234|Yessir
|c|☆Notabot1234|glhf
|
|t:|1718760610
|start
|switch|p1a: Mr. T|Tornadus-Therian, M|100\/100
|switch|p2a: Slim-Jim|Cloyster, M|100\/100
|turn|1
|c|☆Notabot1234|That’s my cat!
|l| Bman5422
|
|t:|1718760644
|move|p1a: Mr. T|U-turn|p2a: Slim-Jim
|-crit|p2a: Slim-Jim
|-damage|p2a: Slim-Jim|83\/100
|
|t:|1718760648
|switch|p1a: The Toucher|Sableye, M|100\/100|[from] U-turn
|move|p2a: Slim-Jim|Shell Smash|p2a: Slim-Jim
|-unboost|p2a: Slim-Jim|def|1
|-unboost|p2a: Slim-Jim|spd|1
|-boost|p2a: Slim-Jim|atk|2
|-boost|p2a: Slim-Jim|spa|2
|-boost|p2a: Slim-Jim|spe|2
|
|upkeep
|turn|2
|
|t:|1718760664
|switch|p2a: Wanda|Clefable, F|100\/100
|move|p1a: The Toucher|Trick|p2a: Wanda
|-activate|p1a: The Toucher|move: Trick|[of] p2a: Wanda
|-item|p2a: Wanda|Lagging Tail|[from] move: Trick
|-item|p1a: The Toucher|Life Orb|[from] move: Trick
|
|upkeep
|turn|3
|j| Bman5422
|c|☆Jmils9|cheeky
|
|t:|1718760692
|switch|p1a: Def would|Heatran, F|100\/100
|move|p2a: Wanda|Hidden Power|p1a: Def would
|-supereffective|p1a: Def would
|-damage|p1a: Def would|40\/100
|
|-heal|p1a: Def would|47\/100|[from] item: Leftovers
|upkeep
|turn|4
|
|t:|1718760708
|switch|p1a: Mr. T|Tornadus-Therian, M|100\/100
|switch|p2a: Out of ideas|Swampert, F|100\/100
|
|upkeep
|turn|5
|c| son_of_ringo|"[insert name here]"
|
|t:|1718760735
|move|p1a: Mr. T|U-turn|p2a: Out of ideas
|-damage|p2a: Out of ideas|88\/100
|
|t:|1718760742
|switch|p1a: Yo mama|Aromatisse, M|100\/100|[from] U-turn
|move|p2a: Out of ideas|Stealth Rock|p1a: Yo mama
|-sidestart|p1: Notabot1234|move: Stealth Rock
|
|upkeep
|turn|6
|
|t:|1718760761
|switch|p2a: Bug\/Steel|Scizor, F|100\/100
|move|p1a: Yo mama|Trick Room|p1a: Yo mama
|-fieldstart|move: Trick Room|[of] p1a: Yo mama
|
|upkeep
|turn|7
|c| son_of_ringo|you're tellin me a room tricked this rice?
|c|☆Jmils9|what are you getting me into
|
|t:|1718760790
|move|p1a: Yo mama|Hidden Power|p2a: Bug\/Steel
|-supereffective|p2a: Bug\/Steel
|-damage|p2a: Bug\/Steel|0 fnt
|faint|p2a: Bug\/Steel
|
|upkeep
|c|☆Notabot1234|ALIVE FOR THE
|c|☆Notabot1234|VEFY FIRST TIME
|c|☆Jmils9|go phils
|c|☆Jmils9|sorry
|
|t:|1718760864
|switch|p2a: Out of ideas|Swampert, F|88\/100
|turn|8
|l| Kaiser Cauto
|
|t:|1718760874
|move|p1a: Yo mama|Energy Ball|p2a: Out of ideas
|-supereffective|p2a: Out of ideas
|-enditem|p2a: Out of ideas|Rindo Berry|[eat]
|-enditem|p2a: Out of ideas|Rindo Berry|[weaken]
|-damage|p2a: Out of ideas|38\/100
|move|p2a: Out of ideas|Roar|p1a: Yo mama
|drag|p1a: The Toucher|Sableye, M|100\/100
|-damage|p1a: The Toucher|88\/100|[from] Stealth Rock
|
|upkeep
|turn|9
|j| Kaiser Cauto
|
|t:|1718760902
|move|p1a: The Toucher|Will-O-Wisp|p2a: Out of ideas
|-status|p2a: Out of ideas|brn
|move|p2a: Out of ideas|Scald|p1a: The Toucher
|-damage|p1a: The Toucher|56\/100
|
|-damage|p2a: Out of ideas|26\/100 brn|[from] brn
|upkeep
|turn|10
|
|t:|1718760917
|move|p1a: The Toucher|Recover|p1a: The Toucher
|-heal|p1a: The Toucher|100\/100
|move|p2a: Out of ideas|Scald|p1a: The Toucher
|-damage|p1a: The Toucher|55\/100
|
|-damage|p2a: Out of ideas|13\/100 brn|[from] brn
|-fieldend|move: Trick Room
|upkeep
|turn|11
|c|☆Notabot1234|Blinding lights - country version is now playing
|
|t:|1718760945
|move|p1a: The Toucher|Recover|p1a: The Toucher
|-heal|p1a: The Toucher|100\/100
|move|p2a: Out of ideas|Scald|p1a: The Toucher
|-damage|p1a: The Toucher|52\/100
|-status|p1a: The Toucher|brn
|
|-damage|p2a: Out of ideas|1\/100 brn|[from] brn
|-damage|p1a: The Toucher|40\/100 brn|[from] brn
|upkeep
|turn|12
|c|☆Notabot1234|Listen to it if you haven’t yet @ everybody
|
|t:|1718760963
|move|p1a: The Toucher|Recover|p1a: The Toucher
|-heal|p1a: The Toucher|90\/100 brn
|move|p2a: Out of ideas|Roar|p1a: The Toucher
|drag|p1a: Yo mama|Aromatisse, M|100\/100
|-damage|p1a: Yo mama|88\/100|[from] Stealth Rock
|
|-damage|p2a: Out of ideas|0 fnt|[from] brn
|faint|p2a: Out of ideas
|upkeep
|
|t:|1718760980
|switch|p2a: Salamander|Salamence, M|100\/100
|-ability|p2a: Salamander|Intimidate|boost
|-unboost|p1a: Yo mama|atk|1
|turn|13
|
|t:|1718761051
|move|p2a: Salamander|Aerial Ace|p1a: Yo mama
|-damage|p1a: Yo mama|59\/100
|move|p1a: Yo mama|Moonblast|p2a: Salamander
|-supereffective|p2a: Salamander
|-damage|p2a: Salamander|0 fnt
|faint|p2a: Salamander
|
|upkeep
|c|☆Jmils9|tried to mega brain
|c|☆Jmils9|god damnit
|j| crystopper_pkmn
|
|t:|1718761103
|switch|p2a: Ghost|Alakazam, M|100\/100
|turn|14
|l| Bman5422
|c|☆Notabot1234|My other cats!
|c| crystopper_pkmn|Creed was always holding you back, buff
|
|t:|1718761129
|move|p2a: Ghost|Shadow Ball|p1a: Yo mama
|-damage|p1a: Yo mama|27\/100
|move|p1a: Yo mama|Moonblast|p2a: Ghost
|-damage|p2a: Ghost|33\/100
|
|upkeep
|turn|15
|c|☆Notabot1234|oh I turned it on
|
|t:|1718761152
|switch|p1a: Mr. T|Tornadus-Therian, M|100\/100
|-damage|p1a: Mr. T|76\/100|[from] Stealth Rock
|move|p2a: Ghost|Shadow Ball|p1a: Mr. T
|-damage|p1a: Mr. T|56\/100
|
|upkeep
|turn|16
|
|t:|1718761166
|move|p1a: Mr. T|U-turn|p2a: Ghost
|-supereffective|p2a: Ghost
|-damage|p2a: Ghost|0 fnt
|faint|p2a: Ghost
|
|t:|1718761177
|switch|p1a: Jake on Shrooms|Breloom, M|100\/100|[from] U-turn
|-damage|p1a: Jake on Shrooms|94\/100|[from] Stealth Rock
|
|upkeep
|
|t:|1718761184
|switch|p2a: Wanda|Clefable, F|100\/100
|turn|17
|
|t:|1718761188
|move|p1a: Jake on Shrooms|Spore|p2a: Wanda
|-status|p2a: Wanda|slp|[from] move: Spore
|cant|p2a: Wanda|slp
|
|upkeep
|turn|18
|
|t:|1718761203
|move|p1a: Jake on Shrooms|Bullet Seed|p2a: Wanda
|-damage|p2a: Wanda|81\/100 slp
|-damage|p2a: Wanda|63\/100 slp
|-hitcount|p2a: Wanda|2
|cant|p2a: Wanda|slp
|
|upkeep
|turn|19
|
|t:|1718761210
|switch|p1a: Mr. T|Tornadus-Therian, M|90\/100
|-damage|p1a: Mr. T|65\/100|[from] Stealth Rock
|-curestatus|p2a: Wanda|slp|[msg]
|move|p2a: Wanda|Soft-Boiled|p2a: Wanda
|-heal|p2a: Wanda|100\/100
|
|upkeep
|turn|20
|
|t:|1718761230
|move|p1a: Mr. T|U-turn|p2a: Wanda
|-resisted|p2a: Wanda
|-damage|p2a: Wanda|93\/100
|
|t:|1718761238
|switch|p1a: Would?|Espeon, F|100\/100|[from] U-turn
|-damage|p1a: Would?|88\/100|[from] Stealth Rock
|move|p2a: Wanda|Calm Mind|p2a: Wanda
|-boost|p2a: Wanda|spa|1
|-boost|p2a: Wanda|spd|1
|
|upkeep
|turn|21
|j| Bman5422
|
|t:|1718761261
|move|p1a: Would?|Psyshock|p2a: Wanda
|-damage|p2a: Wanda|52\/100
|move|p2a: Wanda|Moonblast|p1a: Would?
|-damage|p1a: Would?|16\/100
|
|upkeep
|turn|22
|
|t:|1718761269
|move|p1a: Would?|Psyshock|p2a: Wanda
|-crit|p2a: Wanda
|-damage|p2a: Wanda|0 fnt
|faint|p2a: Wanda
|
|upkeep
|c|☆Notabot1234|F
|c|☆Notabot1234|sorry buddy
|c|☆Jmils9|oh jesus christ
|
|t:|1718761279
|switch|p2a: Slim-Jim|Cloyster, M|83\/100
|turn|23
|
|t:|1718761291
|move|p1a: Would?|Psyshock|p2a: Slim-Jim
|-damage|p2a: Slim-Jim|51\/100
|move|p2a: Slim-Jim|Shell Smash|p2a: Slim-Jim
|-unboost|p2a: Slim-Jim|def|1
|-unboost|p2a: Slim-Jim|spd|1
|-boost|p2a: Slim-Jim|atk|2
|-boost|p2a: Slim-Jim|spa|2
|-boost|p2a: Slim-Jim|spe|2
|
|upkeep
|turn|24
|
|t:|1718761308
|move|p1a: Would?|Psyshock|p2a: Slim-Jim
|-damage|p2a: Slim-Jim|0 fnt
|faint|p2a: Slim-Jim
|
|win|Notabot1234
|c|☆Notabot1234|Dam
|c|☆Notabot1234|gg’
|c| son_of_ringo|gg

</script>
</div>
<div class="battle-log battle-log-inline"><div class="inner"><div class="battle-options"></div><div class="inner message-log"><div class="chat"><small>☆Notabot1234 and ☆Jmils9 joined</small></div><div class=""><small>Format:</small> <br><strong>[Gen 6] Draft</strong></div><div class=""><small><em>Sleep Clause Mod:</em> Limit one foe put to sleep</small></div><div class=""><small><em>OHKO Clause:</em> OHKO moves are banned</small></div><div class=""><small><em>Evasion Clause:</em> Evasion abilities, items, and moves are banned</small></div><div class=""><small><em>Evasion Abilities Clause:</em> Evasion abilities are banned</small></div><div class=""><small><em>Evasion Items Clause:</em> Evasion items are banned</small></div><div class=""><small><em>Evasion Moves Clause:</em> Evasion moves are banned</small></div><div class=""><small><em>Endless Battle Clause:</em> Forcing endless battles is banned</small></div><div class=""><small><em>HP Percentage Mod:</em> HP is shown in percentages</small></div><div class=""><small><em>Moody Clause:</em> Moody is banned</small></div><div class=""><small><em>Swagger Clause:</em> Swagger is banned</small></div><div class="chat battle-history"><strong>Notabot1234's team:</strong> <em style="color:#445566;display:block;">Tornadus-Therian / Aromatisse / Breloom / Espeon / Heatran / Sableye</em></div><div class="chat battle-history"><strong>Jmils9's team:</strong> <em style="color:#445566;display:block;">Clefable / Scizor / Salamence / Swampert / Alakazam / Cloyster</em></div><div class="chat chatmessage-notabot1234"><strong style="color:#ba8f0f"><small>☆</small><span class="username" data-name="Notabot1234">Notabot1234</span>:</strong> <em>YOURE NOT GONNA HIT ROCK BOTTOM</em></div><div class="chat chatmessage-notabot1234"><strong style="color:#ba8f0f"><small>☆</small><span class="username" data-name="Notabot1234">Notabot1234</span>:</strong> <em>HUH</em></div><div class="chat"><small> Kaiser Cauto,  Mattchumaniac44, and  Bman5422 joined;  Bman5422 left</small></div><div class="chat chatmessage-notabot1234"><strong style="color:#ba8f0f"><small>☆</small><span class="username" data-name="Notabot1234">Notabot1234</span>:</strong> <em>Paramore bangs</em></div><div class="chat"><small> son_of_ringo and  Bman5422 joined;  Bman5422 left</small></div><div class="chat chatmessage-jmils9"><strong style="color:#c117bb"><small>☆</small><span class="username" data-name="Jmils9">Jmils9</span>:</strong> <em>paramore for sure bangs</em></div><div class="chat"><small> Bman5422 joined</small></div><div class="chat chatmessage-jmils9"><strong style="color:#c117bb"><small>☆</small><span class="username" data-name="Jmils9">Jmils9</span>:</strong> <em>ready sir?</em></div><div class="chat chatmessage-notabot1234"><strong style="color:#ba8f0f"><small>☆</small><span class="username" data-name="Notabot1234">Notabot1234</span>:</strong> <em>Yessir</em></div><div class="chat chatmessage-notabot1234"><strong style="color:#ba8f0f"><small>☆</small><span class="username" data-name="Notabot1234">Notabot1234</span>:</strong> <em>glhf</em></div><div class="spacer battle-history"><br></div><div class="battle-history">Battle started between Notabot1234 and Jmils9!<br></div><div class="spacer battle-history"><br></div><div class="battle-history">Go! Mr. T (<strong>Tornadus-Therian</strong>)!<br></div><div class="spacer battle-history"><br></div><div class="battle-history">Jmils9 sent out Slim-Jim (<strong>Cloyster</strong>)!<br></div><div class="spacer battle-history"><br></div><h2 class="battle-history">Turn 1</h2><div class="chat chatmessage-notabot1234"><strong style="color:#ba8f0f"><small>☆</small><span class="username" data-name="Notabot1234">Notabot1234</span>:</strong> <em>That’s my cat!</em></div><div class="chat"><small> Bman5422 left</small></div><div class="spacer battle-history"><br></div><div class="battle-history">Mr. T used <strong>U-turn</strong>!<br></div><div class="battle-history"><small>A critical hit!</small><br></div><div class="battle-history"><small>(The opposing Slim-Jim lost 17% of its health!)</small><br></div><div class="spacer battle-history"><br></div><div class="battle-history">Mr. T went back to Notabot1234!<br></div><div class="battle-history">Go! The Toucher (<strong>Sableye</strong>)!<br></div><div class="spacer battle-history"><br></div><div class="battle-history">The opposing Slim-Jim used <strong>Shell Smash</strong>!<br></div><div class="battle-history"><small>The opposing Slim-Jim's Defense fell!</small><br></div><div class="battle-history"><small>The opposing Slim-Jim's Sp. Def fell!</small><br></div><div class="battle-history"><small>The opposing Slim-Jim's Attack rose sharply!</small><br></div><div class="battle-history"><small>The opposing Slim-Jim's Sp. Atk rose sharply!</small><br></div><div class="battle-history"><small>The opposing Slim-Jim's Speed rose sharply!</small><br></div><div class="spacer battle-history"><br></div><h2 class="battle-history">Turn 2</h2><div class="spacer battle-history"><br></div><div class="battle-history">Jmils9 withdrew Slim-Jim!<br></div><div class="battle-history">Jmils9 sent out Wanda (<strong>Clefable</strong>)!<br></div><div class="spacer battle-history"><br></div><div class="battle-history">The Toucher used <strong>Trick</strong>!<br></div><div class="battle-history"><small>The Toucher switched items with its target!</small><br></div><div class="battle-history"><small>The opposing Wanda obtained one Lagging Tail.</small><br></div><div class="battle-history"><small>The Toucher obtained one Life Orb.</small><br></div><div class="spacer battle-history"><br></div><h2 class="battle-history">Turn 3</h2><div class="chat"><small> Bman5422 joined</small></div><div class="chat chatmessage-jmils9"><strong style="color:#c117bb"><small>☆</small><span class="username" data-name="Jmils9">Jmils9</span>:</strong> <em>cheeky</em></div><div class="spacer battle-history"><br></div><div class="battle-history">The Toucher, come back!<br></div><div class="battle-history">Go! Def would (<strong>Heatran</strong>)!<br></div><div class="spacer battle-history"><br></div><div class="battle-history">The opposing Wanda used <strong>Hidden Power</strong>!<br></div><div class="battle-history"><small>It's super effective!</small><br></div><div class="battle-history"><small>(Def would lost 60% of its health!)</small><br></div><div class="spacer battle-history"><br></div><div class="battle-history"><small>Def would restored a little HP using its Leftovers!</small><br></div><div class="spacer battle-history"><br></div><h2 class="battle-history">Turn 4</h2><div class="spacer battle-history"><br></div><div class="battle-history">Def would, come back!<br></div><div class="battle-history">Go! Mr. T (<strong>Tornadus-Therian</strong>)!<br></div><div class="spacer battle-history"><br></div><div class="battle-history">Jmils9 withdrew Wanda!<br></div><div class="battle-history">Jmils9 sent out Out of ideas (<strong>Swampert</strong>)!<br></div><div class="spacer battle-history"><br></div><h2 class="battle-history">Turn 5</h2><div class="chat chatmessage-sonofringo"><strong style="color:#8a8e0e"><small> </small><span class="username" data-name="son_of_ringo">son_of_ringo</span>:</strong> <em>"[insert name here]"</em></div><div class="spacer battle-history"><br></div><div class="battle-history">Mr. T used <strong>U-turn</strong>!<br></div><div class="battle-history"><small>(The opposing Out of ideas lost 12% of its health!)</small><br></div><div class="spacer battle-history"><br></div><div class="battle-history">Mr. T went back to Notabot1234!<br></div><div class="battle-history">Go! Yo mama (<strong>Aromatisse</strong>)!<br></div><div class="spacer battle-history"><br></div><div class="battle-history">The opposing Out of ideas used <strong>Stealth Rock</strong>!<br></div><div class="battle-history"><small>Pointed stones float in the air around your team!</small><br></div><div class="spacer battle-history"><br></div><h2 class="battle-history">Turn 6</h2><div class="spacer battle-history"><br></div><div class="battle-history">Jmils9 withdrew Out of ideas!<br></div><div class="battle-history">Jmils9 sent out Bug/Steel (<strong>Scizor</strong>)!<br></div><div class="spacer battle-history"><br></div><div class="battle-history">Yo mama used <strong>Trick Room</strong>!<br></div><div class="battle-history"><small>Yo mama twisted the dimensions!</small><br></div><div class="spacer battle-history"><br></div><h2 class="battle-history">Turn 7</h2><div class="chat chatmessage-sonofringo"><strong style="color:#8a8e0e"><small> </small><span class="username" data-name="son_of_ringo">son_of_ringo</span>:</strong> <em>you're tellin me a room tricked this rice?</em></div><div class="chat chatmessage-jmils9"><strong style="color:#c117bb"><small>☆</small><span class="username" data-name="Jmils9">Jmils9</span>:</strong> <em>what are you getting me into</em></div><div class="spacer battle-history"><br></div><div class="battle-history">Yo mama used <strong>Hidden Power</strong>!<br></div><div class="battle-history"><small>It's super effective!</small><br></div><div class="battle-history"><small>(The opposing Bug/Steel lost 100% of its health!)</small><br></div><div class="spacer battle-history"><br></div><div class="battle-history">The opposing Bug/Steel fainted!<br></div><div class="chat chatmessage-notabot1234"><strong style="color:#ba8f0f"><small>☆</small><span class="username" data-name="Notabot1234">Notabot1234</span>:</strong> <em>ALIVE FOR THE</em></div><div class="chat chatmessage-notabot1234"><strong style="color:#ba8f0f"><small>☆</small><span class="username" data-name="Notabot1234">Notabot1234</span>:</strong> <em>VEFY FIRST TIME</em></div><div class="chat chatmessage-jmils9"><strong style="color:#c117bb"><small>☆</small><span class="username" data-name="Jmils9">Jmils9</span>:</strong> <em>go phils</em></div><div class="chat chatmessage-jmils9"><strong style="color:#c117bb"><small>☆</small><span class="username" data-name="Jmils9">Jmils9</span>:</strong> <em>sorry</em></div><div class="spacer battle-history"><br></div><div class="battle-history">Jmils9 sent out Out of ideas (<strong>Swampert</strong>)!<br></div><div class="spacer battle-history"><br></div><h2 class="battle-history">Turn 8</h2><div class="chat"><small> Kaiser Cauto left</small></div><div class="spacer battle-history"><br></div><div class="battle-history">Yo mama used <strong>Energy Ball</strong>!<br></div><div class="battle-history"><small>It's super effective!</small><br></div><div class="battle-history"><small>(The opposing Out of ideas ate its Rindo Berry!)</small><br></div><div class="battle-history"><small>The Rindo Berry weakened the damage to the opposing Out of ideas!</small><br></div><div class="battle-history"><small>(The opposing Out of ideas lost 50% of its health!)</small><br></div><div class="spacer battle-history"><br></div><div class="battle-history">The opposing Out of ideas used <strong>Roar</strong>!<br></div><div class="spacer battle-history"><br></div><div class="battle-history">The Toucher (<strong>Sableye</strong>) was dragged out!<br></div><div class="battle-history"><small>Pointed stones dug into The Toucher!</small><br></div><div class="spacer battle-history"><br></div><h2 class="battle-history">Turn 9</h2><div class="chat"><small> Kaiser Cauto joined</small></div><div class="spacer battle-history"><br></div><div class="battle-history">The Toucher used <strong>Will-O-Wisp</strong>!<br></div><div class="battle-history"><small>The opposing Out of ideas was burned!</small><br></div><div class="spacer battle-history"><br></div><div class="battle-history">The opposing Out of ideas used <strong>Scald</strong>!<br></div><div class="battle-history"><small>(The Toucher lost 32% of its health!)</small><br></div><div class="spacer battle-history"><br></div><div class="battle-history"><small>The opposing Out of ideas was hurt by its burn!</small><br></div><div class="spacer battle-history"><br></div><h2 class="battle-history">Turn 10</h2><div class="spacer battle-history"><br></div><div class="battle-history">The Toucher used <strong>Recover</strong>!<br></div><div class="battle-history"><small>The Toucher had its HP restored.</small><br></div><div class="spacer battle-history"><br></div><div class="battle-history">The opposing Out of ideas used <strong>Scald</strong>!<br></div><div class="battle-history"><small>(The Toucher lost 45% of its health!)</small><br></div><div class="spacer battle-history"><br></div><div class="battle-history"><small>The opposing Out of ideas was hurt by its burn!</small><br></div><div class="battle-history"><small>The twisted dimensions returned to normal!</small><br></div><div class="spacer battle-history"><br></div><h2 class="battle-history">Turn 11</h2><div class="chat chatmessage-notabot1234"><strong style="color:#ba8f0f"><small>☆</small><span class="username" data-name="Notabot1234">Notabot1234</span>:</strong> <em>Blinding lights - country version is now playing</em></div><div class="spacer battle-history"><br></div><div class="battle-history">The Toucher used <strong>Recover</strong>!<br></div><div class="battle-history"><small>The Toucher had its HP restored.</small><br></div><div class="spacer battle-history"><br></div><div class="battle-history">The opposing Out of ideas used <strong>Scald</strong>!<br></div><div class="battle-history"><small>(The Toucher lost 48% of its health!)</small><br></div><div class="battle-history"><small>The Toucher was burned!</small><br></div><div class="spacer battle-history"><br></div><div class="battle-history"><small>The opposing Out of ideas was hurt by its burn!</small><br></div><div class="battle-history"><small>The Toucher was hurt by its burn!</small><br></div><div class="spacer battle-history"><br></div><h2 class="battle-history">Turn 12</h2><div class="chat chatmessage-notabot1234"><strong style="color:#ba8f0f"><small>☆</small><span class="username" data-name="Notabot1234">Notabot1234</span>:</strong> <em>Listen to it if you haven’t yet @ everybody</em></div><div class="spacer battle-history"><br></div><div class="battle-history">The Toucher used <strong>Recover</strong>!<br></div><div class="battle-history"><small>The Toucher had its HP restored.</small><br></div><div class="spacer battle-history"><br></div><div class="battle-history">The opposing Out of ideas used <strong>Roar</strong>!<br></div><div class="spacer battle-history"><br></div><div class="battle-history">Yo mama (<strong>Aromatisse</strong>) was dragged out!<br></div><div class="battle-history"><small>Pointed stones dug into Yo mama!</small><br></div><div class="spacer battle-history"><br></div><div class="battle-history"><small>The opposing Out of ideas was hurt by its burn!</small><br></div><div class="spacer battle-history"><br></div><div class="battle-history">The opposing Out of ideas fainted!<br></div><div class="spacer battle-history"><br></div><div class="battle-history">Jmils9 sent out Salamander (<strong>Salamence</strong>)!<br></div><div class="battle-history">[The opposing Salamander's Intimidate]<br></div><div class="battle-history"><small>Yo mama's Attack fell!</small><br></div><div class="spacer battle-history"><br></div><h2 class="battle-history">Turn 13</h2><div class="spacer battle-history"><br></div><div class="battle-history">The opposing Salamander used <strong>Aerial Ace</strong>!<br></div><div class="battle-history"><small>(Yo mama lost 29% of its health!)</small><br></div><div class="spacer battle-history"><br></div><div class="battle-history">Yo mama used <strong>Moonblast</strong>!<br></div><div class="battle-history"><small>It's super effective!</small><br></div><div class="battle-history"><small>(The opposing Salamander lost 100% of its health!)</small><br></div><div class="spacer battle-history"><br></div><div class="battle-history">The opposing Salamander fainted!<br></div><div class="chat chatmessage-jmils9"><strong style="color:#c117bb"><small>☆</small><span class="username" data-name="Jmils9">Jmils9</span>:</strong> <em>tried to mega brain</em></div><div class="chat chatmessage-jmils9"><strong style="color:#c117bb"><small>☆</small><span class="username" data-name="Jmils9">Jmils9</span>:</strong> <em>god damnit</em></div><div class="chat"><small> crystopper_pkmn joined</small></div><div class="spacer battle-history"><br></div><div class="battle-history">Jmils9 sent out Ghost (<strong>Alakazam</strong>)!<br></div><div class="spacer battle-history"><br></div><h2 class="battle-history">Turn 14</h2><div class="chat"><small> Bman5422 left</small></div><div class="chat chatmessage-notabot1234"><strong style="color:#ba8f0f"><small>☆</small><span class="username" data-name="Notabot1234">Notabot1234</span>:</strong> <em>My other cats!</em></div><div class="chat chatmessage-crystopperpkmn"><strong style="color:#b08245"><small> </small><span class="username" data-name="crystopper_pkmn">crystopper_pkmn</span>:</strong> <em>Creed was always holding you back, buff</em></div><div class="spacer battle-history"><br></div><div class="battle-history">The opposing Ghost used <strong>Shadow Ball</strong>!<br></div><div class="battle-history"><small>(Yo mama lost 32% of its health!)</small><br></div><div class="spacer battle-history"><br></div><div class="battle-history">Yo mama used <strong>Moonblast</strong>!<br></div><div class="battle-history"><small>(The opposing Ghost lost 67% of its health!)</small><br></div><div class="spacer battle-history"><br></div><h2 class="battle-history">Turn 15</h2><div class="chat chatmessage-notabot1234"><strong style="color:#ba8f0f"><small>☆</small><span class="username" data-name="Notabot1234">Notabot1234</span>:</strong> <em>oh I turned it on</em></div><div class="spacer battle-history"><br></div><div class="battle-history">Yo mama, come back!<br></div><div class="battle-history">Go! Mr. T (<strong>Tornadus-Therian</strong>)!<br></div><div class="battle-history"><small>Pointed stones dug into Mr. T!</small><br></div><div class="spacer battle-history"><br></div><div class="battle-history">The opposing Ghost used <strong>Shadow Ball</strong>!<br></div><div class="battle-history"><small>(Mr. T lost 20% of its health!)</small><br></div><div class="spacer battle-history"><br></div><h2 class="battle-history">Turn 16</h2><div class="spacer battle-history"><br></div><div class="battle-history">Mr. T used <strong>U-turn</strong>!<br></div><div class="battle-history"><small>It's super effective!</small><br></div><div class="battle-history"><small>(The opposing Ghost lost 33% of its health!)</small><br></div><div class="spacer battle-history"><br></div><div class="battle-history">The opposing Ghost fainted!<br></div><div class="spacer battle-history"><br></div><div class="battle-history">Mr. T went back to Notabot1234!<br></div><div class="battle-history">Go! Jake on Shrooms (<strong>Breloom</strong>)!<br></div><div class="battle-history"><small>Pointed stones dug into Jake on Shrooms!</small><br></div><div class="spacer battle-history"><br></div><div class="battle-history">Jmils9 sent out Wanda (<strong>Clefable</strong>)!<br></div><div class="spacer battle-history"><br></div><h2 class="battle-history">Turn 17</h2><div class="spacer battle-history"><br></div><div class="battle-history">Jake on Shrooms used <strong>Spore</strong>!<br></div><div class="battle-history"><small>The opposing Wanda fell asleep!</small><br></div><div class="spacer battle-history"><br></div><div class="battle-history">The opposing Wanda is fast asleep.<br></div><div class="spacer battle-history"><br></div><h2 class="battle-history">Turn 18</h2><div class="spacer battle-history"><br></div><div class="battle-history">Jake on Shrooms used <strong>Bullet Seed</strong>!<br></div><div class="battle-history"><small>(The opposing Wanda lost 19% of its health!)</small><br></div><div class="battle-history"><small>(The opposing Wanda lost 18% of its health!)</small><br></div><div class="battle-history"><small>The Pokémon was hit 2 times!</small><br></div><div class="spacer battle-history"><br></div><div class="battle-history">The opposing Wanda is fast asleep.<br></div><div class="spacer battle-history"><br></div><h2 class="battle-history">Turn 19</h2><div class="spacer battle-history"><br></div><div class="battle-history">Jake on Shrooms, come back!<br></div><div class="battle-history">Go! Mr. T (<strong>Tornadus-Therian</strong>)!<br></div><div class="battle-history"><small>Pointed stones dug into Mr. T!</small><br></div><div class="battle-history"><small>The opposing Wanda woke up!</small><br></div><div class="spacer battle-history"><br></div><div class="battle-history">The opposing Wanda used <strong>Soft-Boiled</strong>!<br></div><div class="battle-history"><small>The opposing Wanda had its HP restored.</small><br></div><div class="spacer battle-history"><br></div><h2 class="battle-history">Turn 20</h2><div class="spacer battle-history"><br></div><div class="battle-history">Mr. T used <strong>U-turn</strong>!<br></div><div class="battle-history"><small>It's not very effective...</small><br></div><div class="battle-history"><small>(The opposing Wanda lost 7% of its health!)</small><br></div><div class="spacer battle-history"><br></div><div class="battle-history">Mr. T went back to Notabot1234!<br></div><div class="battle-history">Go! Would? (<strong>Espeon</strong>)!<br></div><div class="battle-history"><small>Pointed stones dug into Would?!</small><br></div><div class="spacer battle-history"><br></div><div class="battle-history">The opposing Wanda used <strong>Calm Mind</strong>!<br></div><div class="battle-history"><small>The opposing Wanda's Sp. Atk rose!</small><br></div><div class="battle-history"><small>The opposing Wanda's Sp. Def rose!</small><br></div><div class="spacer battle-history"><br></div><h2 class="battle-history">Turn 21</h2><div class="chat"><small> Bman5422 joined</small></div><div class="spacer battle-history"><br></div><div class="battle-history">Would? used <strong>Psyshock</strong>!<br></div><div class="battle-history"><small>(The opposing Wanda lost 41% of its health!)</small><br></div><div class="spacer battle-history"><br></div><div class="battle-history">The opposing Wanda used <strong>Moonblast</strong>!<br></div><div class="battle-history"><small>(Would? lost 72% of its health!)</small><br></div><div class="spacer battle-history"><br></div><h2 class="battle-history">Turn 22</h2><div class="spacer battle-history"><br></div><div class="battle-history">Would? used <strong>Psyshock</strong>!<br></div><div class="battle-history"><small>A critical hit!</small><br></div><div class="battle-history"><small>(The opposing Wanda lost 52% of its health!)</small><br></div><div class="spacer battle-history"><br></div><div class="battle-history">The opposing Wanda fainted!<br></div><div class="chat chatmessage-notabot1234"><strong style="color:#ba8f0f"><small>☆</small><span class="username" data-name="Notabot1234">Notabot1234</span>:</strong> <em>F</em></div><div class="chat chatmessage-notabot1234"><strong style="color:#ba8f0f"><small>☆</small><span class="username" data-name="Notabot1234">Notabot1234</span>:</strong> <em>sorry buddy</em></div><div class="chat chatmessage-jmils9"><strong style="color:#c117bb"><small>☆</small><span class="username" data-name="Jmils9">Jmils9</span>:</strong> <em>oh jesus christ</em></div><div class="spacer battle-history"><br></div><div class="battle-history">Jmils9 sent out Slim-Jim (<strong>Cloyster</strong>)!<br></div><div class="spacer battle-history"><br></div><h2 class="battle-history">Turn 23</h2><div class="spacer battle-history"><br></div><div class="battle-history">Would? used <strong>Psyshock</strong>!<br></div><div class="battle-history"><small>(The opposing Slim-Jim lost 32% of its health!)</small><br></div><div class="spacer battle-history"><br></div><div class="battle-history">The opposing Slim-Jim used <strong>Shell Smash</strong>!<br></div><div class="battle-history"><small>The opposing Slim-Jim's Defense fell!</small><br></div><div class="battle-history"><small>The opposing Slim-Jim's Sp. Def fell!</small><br></div><div class="battle-history"><small>The opposing Slim-Jim's Attack rose sharply!</small><br></div><div class="battle-history"><small>The opposing Slim-Jim's Sp. Atk rose sharply!</small><br></div><div class="battle-history"><small>The opposing Slim-Jim's Speed rose sharply!</small><br></div><div class="spacer battle-history"><br></div><h2 class="battle-history">Turn 24</h2><div class="spacer battle-history"><br></div><div class="battle-history">Would? used <strong>Psyshock</strong>!<br></div><div class="battle-history"><small>(The opposing Slim-Jim lost 51% of its health!)</small><br></div><div class="spacer battle-history"><br></div><div class="battle-history">The opposing Slim-Jim fainted!<br></div><div class="spacer battle-history"><br></div><div class="battle-history"><strong>Notabot1234</strong> won the battle!<br></div><div class="chat chatmessage-notabot1234"><strong style="color:#ba8f0f"><small>☆</small><span class="username" data-name="Notabot1234">Notabot1234</span>:</strong> <em>Dam</em></div><div class="chat chatmessage-notabot1234"><strong style="color:#ba8f0f"><small>☆</small><span class="username" data-name="Notabot1234">Notabot1234</span>:</strong> <em>gg’</em></div><div class="chat chatmessage-sonofringo"><strong style="color:#8a8e0e"><small> </small><span class="username" data-name="son_of_ringo">son_of_ringo</span>:</strong> <em>gg</em></div></div><div class="inner-preempt message-log"></div></div></div>
</div>
<script>
let daily = Math.floor(Date.now()/1000/60/60/24);document.write('<script src="https://play.pokemonshowdown.com/js/replay-embed.js?version'+daily+'"></'+'script>');
</script>
